%YAML 1.1
%TAG !u! tag:unity3d.com,2011:
--- !u!114 &-6982374332811237594
MonoBehaviour:
  m_ObjectHideFlags: 0
  m_CorrespondingSourceObject: {fileID: 0}
  m_PrefabInstance: {fileID: 0}
  m_PrefabAsset: {fileID: 0}
  m_GameObject: {fileID: 0}
  m_Enabled: 1
  m_EditorHideFlags: 0
  m_Script: {fileID: 11500000, guid: 840a439e06374673a9115ed02deb5a54, type: 3}
  m_Name: UINode
  m_EditorClassIdentifier: 
  ErrorNodeNameIsEmpty: 0
  ErrorDuplicateNameFoundInGraph: 0
  m_inputSockets:
  - m_connectionMode: 1
    m_connections:
    - m_inputConnectionPoint: {x: -2, y: 4}
      m_outputConnectionPoint: {x: 202, y: 4}
      m_id: 2830ab17-d4a8-4e2f-99c2-9246b42618e7
      m_inputNodeId: 06f4ae62-e7eb-4dc5-8712-dfed7af99582
      m_inputSocketId: 16524266-dd82-4194-a717-5e2e497214a1
      m_outputNodeId: 91b9b804-5fe3-4a9c-9b29-b45595430edd
      m_outputSocketId: 6c816228-f8ca-47d5-a59f-fc5f56db9dea
    - m_inputConnectionPoint: {x: 202, y: 4}
      m_outputConnectionPoint: {x: -2, y: 4}
      m_id: e7b5f65e-5906-442a-b03b-79f308722b42
      m_inputNodeId: 06f4ae62-e7eb-4dc5-8712-dfed7af99582
      m_inputSocketId: 16524266-dd82-4194-a717-5e2e497214a1
      m_outputNodeId: b779601c-58d9-4f54-b3c6-ec3e666d6d93
      m_outputSocketId: cc736482-2236-450e-94ca-e99d27a213b9
    m_connectionPoints:
    - {x: -2, y: 4}
    - {x: 202, y: 4}
    m_direction: 0
    m_canBeDeleted: 0
    m_canBeReordered: 0
    m_curveModifier: 0
    m_height: 24
    m_width: 216
    m_x: 0
    m_y: 38
    m_id: 16524266-dd82-4194-a717-5e2e497214a1
    m_nodeId: 06f4ae62-e7eb-4dc5-8712-dfed7af99582
    m_socketName: InputSocket_0
    m_value: '{"ButtonCategory":"General","ButtonName":"Unnamed","GameEvent":"","TimeDelay":3.0,"Trigger":0}'
    m_valueTypeQualifiedName: Doozy.Engine.UI.Connections.UIConnection, Assembly-CSharp,
      Version=0.0.0.0, Culture=neutral, PublicKeyToken=null
  m_outputSockets:
  - m_connectionMode: 0
    m_connections:
    - m_inputConnectionPoint: {x: 202, y: 4}
      m_outputConnectionPoint: {x: -2, y: 4}
      m_id: 59bfa98f-bdcc-4bda-a8f1-f4b32beb6783
      m_inputNodeId: 91b9b804-5fe3-4a9c-9b29-b45595430edd
      m_inputSocketId: fdb9c3ca-48ef-4955-b978-6279ae409dad
      m_outputNodeId: 06f4ae62-e7eb-4dc5-8712-dfed7af99582
      m_outputSocketId: e53deee2-335e-4111-9291-f8c1c738ec77
    m_connectionPoints:
    - {x: -2, y: 4}
    - {x: 202, y: 4}
    m_direction: 1
    m_canBeDeleted: 1
    m_canBeReordered: 1
    m_curveModifier: 0
    m_height: 24
    m_width: 216
    m_x: 0
    m_y: 62
    m_id: e53deee2-335e-4111-9291-f8c1c738ec77
    m_nodeId: 06f4ae62-e7eb-4dc5-8712-dfed7af99582
    m_socketName: OutputSocket_0
    m_value: '{"ButtonCategory":"UserScreen","ButtonName":"Performance","GameEvent":"","TimeDelay":3.0,"Trigger":0}'
    m_valueTypeQualifiedName: Doozy.Engine.UI.Connections.UIConnection, Assembly-CSharp,
      Version=0.0.0.0, Culture=neutral, PublicKeyToken=null
  - m_connectionMode: 0
    m_connections:
    - m_inputConnectionPoint: {x: -2, y: 4}
      m_outputConnectionPoint: {x: 202, y: 4}
      m_id: c4f7ba9c-71e3-4510-88cc-14fd48123231
      m_inputNodeId: b779601c-58d9-4f54-b3c6-ec3e666d6d93
      m_inputSocketId: f4d1259a-ada3-4eb0-9f3e-358f468dac59
      m_outputNodeId: 06f4ae62-e7eb-4dc5-8712-dfed7af99582
      m_outputSocketId: 44ca64a4-e2d1-4bb2-999a-0a5db6e5b3ea
    m_connectionPoints:
    - {x: -2, y: 4}
    - {x: 202, y: 4}
    m_direction: 1
    m_canBeDeleted: 1
    m_canBeReordered: 1
    m_curveModifier: 0
    m_height: 24
    m_width: 216
    m_x: 0
    m_y: 86
    m_id: 44ca64a4-e2d1-4bb2-999a-0a5db6e5b3ea
    m_nodeId: 06f4ae62-e7eb-4dc5-8712-dfed7af99582
    m_socketName: OutputSocket_1
    m_value: '{"ButtonCategory":"UserScreen","ButtonName":"Account","GameEvent":"","TimeDelay":3.0,"Trigger":0}'
    m_valueTypeQualifiedName: Doozy.Engine.UI.Connections.UIConnection, Assembly-CSharp,
      Version=0.0.0.0, Culture=neutral, PublicKeyToken=null
  - m_connectionMode: 0
    m_connections:
    - m_inputConnectionPoint: {x: -2, y: 4}
      m_outputConnectionPoint: {x: 202, y: 4}
      m_id: ebb42ad7-f467-4f4e-89d2-4d32928d2be9
      m_inputNodeId: 2e444e71-71a1-4c3d-bc04-c3fe9f83f001
      m_inputSocketId: 95002295-8075-45f8-9613-de273ad3adbd
      m_outputNodeId: 06f4ae62-e7eb-4dc5-8712-dfed7af99582
      m_outputSocketId: eb098d3e-9f35-4a62-a9ad-802fdbb5047f
    m_connectionPoints:
    - {x: -2, y: 4}
    - {x: 202, y: 4}
    m_direction: 1
    m_canBeDeleted: 1
    m_canBeReordered: 1
    m_curveModifier: 0
    m_height: 24
    m_width: 216
    m_x: 0
    m_y: 110
    m_id: eb098d3e-9f35-4a62-a9ad-802fdbb5047f
    m_nodeId: 06f4ae62-e7eb-4dc5-8712-dfed7af99582
    m_socketName: OutputSocket_2
    m_value: '{"ButtonCategory":"MainMenu","ButtonName":"Match","GameEvent":"","TimeDelay":3.0,"Trigger":0}'
    m_valueTypeQualifiedName: Doozy.Engine.UI.Connections.UIConnection, Assembly-CSharp,
      Version=0.0.0.0, Culture=neutral, PublicKeyToken=null
  - m_connectionMode: 0
    m_connections:
    - m_inputConnectionPoint: {x: 202, y: 4}
      m_outputConnectionPoint: {x: -2, y: 4}
      m_id: dfa94056-40b6-424f-9e13-89cc53cbceed
      m_inputNodeId: 91b9b804-5fe3-4a9c-9b29-b45595430edd
      m_inputSocketId: fdb9c3ca-48ef-4955-b978-6279ae409dad
      m_outputNodeId: 06f4ae62-e7eb-4dc5-8712-dfed7af99582
      m_outputSocketId: ab9bef46-6cf6-4081-a993-7c575153a44e
    m_connectionPoints:
    - {x: -2, y: 4}
    - {x: 202, y: 4}
    m_direction: 1
    m_canBeDeleted: 1
    m_canBeReordered: 1
    m_curveModifier: 0
    m_height: 24
    m_width: 216
    m_x: 0
    m_y: 134
    m_id: ab9bef46-6cf6-4081-a993-7c575153a44e
    m_nodeId: 06f4ae62-e7eb-4dc5-8712-dfed7af99582
    m_socketName: OutputSocket_3
    m_value: '{"ButtonCategory":"MainMenu","ButtonName":"Ranking","GameEvent":"","TimeDelay":3.0,"Trigger":0}'
    m_valueTypeQualifiedName: Doozy.Engine.UI.Connections.UIConnection, Assembly-CSharp,
      Version=0.0.0.0, Culture=neutral, PublicKeyToken=null
  - m_connectionMode: 0
    m_connections:
    - m_inputConnectionPoint: {x: -2, y: 4}
      m_outputConnectionPoint: {x: 202, y: 4}
      m_id: 21b3ba86-9740-4675-a0e1-93bf2c6b2329
      m_inputNodeId: b779601c-58d9-4f54-b3c6-ec3e666d6d93
      m_inputSocketId: f4d1259a-ada3-4eb0-9f3e-358f468dac59
      m_outputNodeId: 06f4ae62-e7eb-4dc5-8712-dfed7af99582
      m_outputSocketId: 7955832a-4bc2-436a-b523-c4509c483aaf
    m_connectionPoints:
    - {x: -2, y: 4}
    - {x: 202, y: 4}
    m_direction: 1
    m_canBeDeleted: 1
    m_canBeReordered: 1
    m_curveModifier: 0
    m_height: 24
    m_width: 216
    m_x: 0
    m_y: 158
    m_id: 7955832a-4bc2-436a-b523-c4509c483aaf
    m_nodeId: 06f4ae62-e7eb-4dc5-8712-dfed7af99582
    m_socketName: OutputSocket_4
    m_value: '{"ButtonCategory":"MainMenu","ButtonName":"User","GameEvent":"","TimeDelay":3.0,"Trigger":0}'
    m_valueTypeQualifiedName: Doozy.Engine.UI.Connections.UIConnection, Assembly-CSharp,
      Version=0.0.0.0, Culture=neutral, PublicKeyToken=null
  m_nodeType: 4
  m_allowDuplicateNodeName: 0
  m_allowEmptyNodeName: 0
  m_canBeDeleted: 1
  m_debugMode: 0
  m_useFixedUpdate: 0
  m_useLateUpdate: 0
  m_useUpdate: 0
  m_height: 224
  m_width: 216
  m_x: 1176
  m_y: 348
  m_minimumInputSocketsCount: 1
  m_minimumOutputSocketsCount: 1
  m_graphId: ceef30dd-e3ea-420c-bf7a-94be6b8e9ee1
  m_id: 06f4ae62-e7eb-4dc5-8712-dfed7af99582
  m_name: SocialTab
  m_onEnterShowViews:
  - Category: MainMenu
    InstantAction: 0
    Name: UserPanel
  - Category: User
    InstantAction: 0
    Name: Social
  m_onEnterHideViews:
  - Category: MainMenu
    InstantAction: 0
    Name: MatchScreen
  - Category: User
    InstantAction: 0
    Name: Account
  - Category: User
    InstantAction: 0
    Name: Perfomance
  m_onExitShowViews: []
  m_onExitHideViews:
  - Category: User
    InstantAction: 0
    Name: Social
--- !u!114 &-4620125481328317654
MonoBehaviour:
  m_ObjectHideFlags: 0
  m_CorrespondingSourceObject: {fileID: 0}
  m_PrefabInstance: {fileID: 0}
  m_PrefabAsset: {fileID: 0}
  m_GameObject: {fileID: 0}
  m_Enabled: 1
  m_EditorHideFlags: 0
  m_Script: {fileID: 11500000, guid: 840a439e06374673a9115ed02deb5a54, type: 3}
  m_Name: UINode
  m_EditorClassIdentifier: 
  ErrorNodeNameIsEmpty: 0
  ErrorDuplicateNameFoundInGraph: 0
  m_inputSockets:
  - m_connectionMode: 1
    m_connections:
    - m_inputConnectionPoint: {x: -2, y: 4}
      m_outputConnectionPoint: {x: 202, y: 4}
      m_id: 8872146f-5e8c-4613-932e-9744a2713239
      m_inputNodeId: 2e444e71-71a1-4c3d-bc04-c3fe9f83f001
      m_inputSocketId: 95002295-8075-45f8-9613-de273ad3adbd
      m_outputNodeId: 9c638c61-9b7d-4d46-8df8-b0d930d251eb
      m_outputSocketId: f75f6130-1f4e-4387-aa60-603ddaacf8c5
    - m_inputConnectionPoint: {x: -2, y: 4}
      m_outputConnectionPoint: {x: 202, y: 4}
      m_id: c7d4f247-9adf-466e-b73b-6a4f17f9f461
      m_inputNodeId: 2e444e71-71a1-4c3d-bc04-c3fe9f83f001
      m_inputSocketId: 95002295-8075-45f8-9613-de273ad3adbd
      m_outputNodeId: 9c638c61-9b7d-4d46-8df8-b0d930d251eb
      m_outputSocketId: 221c6d06-babc-4092-a39a-e69fe7346244
    - m_inputConnectionPoint: {x: 202, y: 4}
      m_outputConnectionPoint: {x: -2, y: 4}
      m_id: c8c84b14-e465-4f01-90f5-cd7812c4ef27
      m_inputNodeId: 2e444e71-71a1-4c3d-bc04-c3fe9f83f001
      m_inputSocketId: 95002295-8075-45f8-9613-de273ad3adbd
      m_outputNodeId: ff8115c3-6825-4619-92cd-52c19b904639
      m_outputSocketId: 75bea1a4-ad41-49cb-bf58-d99223f8646e
    - m_inputConnectionPoint: {x: 202, y: 4}
      m_outputConnectionPoint: {x: -2, y: 4}
      m_id: 64005be5-8a52-47a8-90f6-c17844959a78
      m_inputNodeId: 2e444e71-71a1-4c3d-bc04-c3fe9f83f001
      m_inputSocketId: 95002295-8075-45f8-9613-de273ad3adbd
      m_outputNodeId: 8556aacd-69d1-49fa-b73d-c545fddd61f4
      m_outputSocketId: e646a555-d390-401c-a26c-9af3c97f57a9
    - m_inputConnectionPoint: {x: 202, y: 4}
      m_outputConnectionPoint: {x: -2, y: 4}
      m_id: 59341e48-fa9f-4e0a-a9a8-a99db83a914f
      m_inputNodeId: 2e444e71-71a1-4c3d-bc04-c3fe9f83f001
      m_inputSocketId: 95002295-8075-45f8-9613-de273ad3adbd
      m_outputNodeId: ff8115c3-6825-4619-92cd-52c19b904639
      m_outputSocketId: a236410c-ef42-4ca3-9a7e-1a0845d01456
    - m_inputConnectionPoint: {x: 202, y: 4}
      m_outputConnectionPoint: {x: -2, y: 4}
      m_id: 532a9f0f-a799-4389-8169-b3b6daa8442f
      m_inputNodeId: 2e444e71-71a1-4c3d-bc04-c3fe9f83f001
      m_inputSocketId: 95002295-8075-45f8-9613-de273ad3adbd
      m_outputNodeId: 8556aacd-69d1-49fa-b73d-c545fddd61f4
      m_outputSocketId: 6f94f65d-ff3f-4755-a938-f08193cb62e9
    - m_inputConnectionPoint: {x: 202, y: 4}
      m_outputConnectionPoint: {x: -2, y: 4}
      m_id: db206b26-e389-4317-a796-76bf8662b4dd
      m_inputNodeId: 2e444e71-71a1-4c3d-bc04-c3fe9f83f001
      m_inputSocketId: 95002295-8075-45f8-9613-de273ad3adbd
      m_outputNodeId: 2bfe8dad-5a27-487f-b26c-9ba5ee99a3ae
      m_outputSocketId: cb591c11-b4d9-4364-984d-44186ff2c2c8
    - m_inputConnectionPoint: {x: 202, y: 4}
      m_outputConnectionPoint: {x: -2, y: 4}
      m_id: 75e5ce95-4c2f-4cc3-8bb9-b970f875f270
      m_inputNodeId: 2e444e71-71a1-4c3d-bc04-c3fe9f83f001
      m_inputSocketId: 95002295-8075-45f8-9613-de273ad3adbd
      m_outputNodeId: 2bfe8dad-5a27-487f-b26c-9ba5ee99a3ae
      m_outputSocketId: c2561a86-b126-4e7f-9984-379ca96e7bb4
    - m_inputConnectionPoint: {x: 202, y: 4}
      m_outputConnectionPoint: {x: -2, y: 4}
      m_id: b8ad0255-8430-40ab-a423-b6c8fd284cdd
      m_inputNodeId: 2e444e71-71a1-4c3d-bc04-c3fe9f83f001
      m_inputSocketId: 95002295-8075-45f8-9613-de273ad3adbd
      m_outputNodeId: 8556aacd-69d1-49fa-b73d-c545fddd61f4
      m_outputSocketId: f1f286fd-9900-4bac-bdb4-d45d2ecb58d8
    - m_inputConnectionPoint: {x: 202, y: 4}
      m_outputConnectionPoint: {x: -2, y: 4}
      m_id: 110283b9-2862-49fa-824e-f2894b3d3bf5
      m_inputNodeId: 2e444e71-71a1-4c3d-bc04-c3fe9f83f001
      m_inputSocketId: 95002295-8075-45f8-9613-de273ad3adbd
      m_outputNodeId: 2bfe8dad-5a27-487f-b26c-9ba5ee99a3ae
      m_outputSocketId: bf588293-f00b-4e84-9426-ae123175d103
    - m_inputConnectionPoint: {x: -2, y: 4}
      m_outputConnectionPoint: {x: 202, y: 4}
      m_id: 30861c8e-583a-41df-a60a-467df9194139
      m_inputNodeId: 2e444e71-71a1-4c3d-bc04-c3fe9f83f001
      m_inputSocketId: 95002295-8075-45f8-9613-de273ad3adbd
      m_outputNodeId: b779601c-58d9-4f54-b3c6-ec3e666d6d93
      m_outputSocketId: dabf5fbe-de1d-42e4-883d-596d34d5298e
    - m_inputConnectionPoint: {x: -2, y: 4}
      m_outputConnectionPoint: {x: 202, y: 4}
      m_id: a45f103c-f034-4b31-97d7-f619006d7ba2
      m_inputNodeId: 2e444e71-71a1-4c3d-bc04-c3fe9f83f001
      m_inputSocketId: 95002295-8075-45f8-9613-de273ad3adbd
      m_outputNodeId: 91b9b804-5fe3-4a9c-9b29-b45595430edd
      m_outputSocketId: ff2e60c9-c2d5-4fe6-b547-cecac9eb228b
    - m_inputConnectionPoint: {x: -2, y: 4}
      m_outputConnectionPoint: {x: 202, y: 4}
      m_id: ebb42ad7-f467-4f4e-89d2-4d32928d2be9
      m_inputNodeId: 2e444e71-71a1-4c3d-bc04-c3fe9f83f001
      m_inputSocketId: 95002295-8075-45f8-9613-de273ad3adbd
      m_outputNodeId: 06f4ae62-e7eb-4dc5-8712-dfed7af99582
      m_outputSocketId: eb098d3e-9f35-4a62-a9ad-802fdbb5047f
    m_connectionPoints:
    - {x: -2, y: 4}
    - {x: 202, y: 4}
    m_direction: 0
    m_canBeDeleted: 0
    m_canBeReordered: 0
    m_curveModifier: 0
    m_height: 24
    m_width: 216
    m_x: 0
    m_y: 38
    m_id: 95002295-8075-45f8-9613-de273ad3adbd
    m_nodeId: 2e444e71-71a1-4c3d-bc04-c3fe9f83f001
    m_socketName: InputSocket_0
    m_value: '{"ButtonCategory":"General","ButtonName":"Unnamed","GameEvent":"","TimeDelay":3.0,"Trigger":0}'
    m_valueTypeQualifiedName: Doozy.Engine.UI.Connections.UIConnection, Assembly-CSharp,
      Version=0.0.0.0, Culture=neutral, PublicKeyToken=null
  m_outputSockets:
  - m_connectionMode: 0
    m_connections:
    - m_inputConnectionPoint: {x: -2, y: 4}
      m_outputConnectionPoint: {x: 202, y: 4}
      m_id: 7e029d7e-4fda-436a-bc70-1002d7265949
      m_inputNodeId: 8556aacd-69d1-49fa-b73d-c545fddd61f4
      m_inputSocketId: 4345022d-d577-4966-8d18-17737830c89a
      m_outputNodeId: 2e444e71-71a1-4c3d-bc04-c3fe9f83f001
      m_outputSocketId: dc806e32-a2c5-4fe5-9b65-6c9b3b50d1d2
    m_connectionPoints:
    - {x: -2, y: 4}
    - {x: 202, y: 4}
    m_direction: 1
    m_canBeDeleted: 1
    m_canBeReordered: 1
    m_curveModifier: 0
    m_height: 24
    m_width: 216
    m_x: 0
    m_y: 62
    m_id: dc806e32-a2c5-4fe5-9b65-6c9b3b50d1d2
    m_nodeId: 2e444e71-71a1-4c3d-bc04-c3fe9f83f001
    m_socketName: OutputSocket_2
    m_value: '{"ButtonCategory":"Matches","ButtonName":"FriendsMatchButton","GameEvent":"","TimeDelay":3.0,"Trigger":0}'
    m_valueTypeQualifiedName: Doozy.Engine.UI.Connections.UIConnection, Assembly-CSharp,
      Version=0.0.0.0, Culture=neutral, PublicKeyToken=null
  - m_connectionMode: 0
    m_connections:
    - m_inputConnectionPoint: {x: -2, y: 4}
      m_outputConnectionPoint: {x: 202, y: 4}
      m_id: a82ef16a-868f-48fa-9fe2-3a7e3b22cd69
      m_inputNodeId: 2bfe8dad-5a27-487f-b26c-9ba5ee99a3ae
      m_inputSocketId: 9913eff5-daf0-49f9-9ee6-0ba25523d22b
      m_outputNodeId: 2e444e71-71a1-4c3d-bc04-c3fe9f83f001
      m_outputSocketId: 49e0a4ca-28f6-462f-a5ca-9abafa088ba4
    m_connectionPoints:
    - {x: -2, y: 4}
    - {x: 202, y: 4}
    m_direction: 1
    m_canBeDeleted: 1
    m_canBeReordered: 1
    m_curveModifier: 0
    m_height: 24
    m_width: 216
    m_x: 0
    m_y: 86
    m_id: 49e0a4ca-28f6-462f-a5ca-9abafa088ba4
    m_nodeId: 2e444e71-71a1-4c3d-bc04-c3fe9f83f001
    m_socketName: OutputSocket_3
    m_value: '{"ButtonCategory":"Matches","ButtonName":"SearchOpponentButton","GameEvent":"","TimeDelay":3.0,"Trigger":0}'
    m_valueTypeQualifiedName: Doozy.Engine.UI.Connections.UIConnection, Assembly-CSharp,
      Version=0.0.0.0, Culture=neutral, PublicKeyToken=null
  - m_connectionMode: 0
    m_connections:
    - m_inputConnectionPoint: {x: 202, y: 4}
      m_outputConnectionPoint: {x: 202, y: 4}
      m_id: e3d86dfb-3c96-440c-888e-0626708642c1
      m_inputNodeId: 1227a597-9b49-4de1-b910-874427e8c7f6
      m_inputSocketId: 16896e9b-946d-4777-9e6b-cc6e1b6b8348
      m_outputNodeId: 2e444e71-71a1-4c3d-bc04-c3fe9f83f001
      m_outputSocketId: ec3e076d-d607-49d2-937e-cc6a9acbd0aa
    m_connectionPoints:
    - {x: -2, y: 4}
    - {x: 202, y: 4}
    m_direction: 1
    m_canBeDeleted: 1
    m_canBeReordered: 1
    m_curveModifier: 0
    m_height: 24
    m_width: 216
    m_x: 0
    m_y: 110
    m_id: ec3e076d-d607-49d2-937e-cc6a9acbd0aa
    m_nodeId: 2e444e71-71a1-4c3d-bc04-c3fe9f83f001
    m_socketName: OutputSocket_4
    m_value: '{"ButtonCategory":"Matches","ButtonName":"PlayButton","GameEvent":"","TimeDelay":3.0,"Trigger":0}'
    m_valueTypeQualifiedName: Doozy.Engine.UI.Connections.UIConnection, Assembly-CSharp,
      Version=0.0.0.0, Culture=neutral, PublicKeyToken=null
  - m_connectionMode: 0
    m_connections:
    - m_inputConnectionPoint: {x: 202, y: 4}
      m_outputConnectionPoint: {x: -2, y: 4}
      m_id: 5a8e6f19-b07b-490c-921a-515c10d1308e
      m_inputNodeId: b779601c-58d9-4f54-b3c6-ec3e666d6d93
      m_inputSocketId: f4d1259a-ada3-4eb0-9f3e-358f468dac59
      m_outputNodeId: 2e444e71-71a1-4c3d-bc04-c3fe9f83f001
      m_outputSocketId: 9a66ba22-213f-43c1-80aa-3b9ab0f50cc0
    m_connectionPoints:
    - {x: -2, y: 4}
    - {x: 202, y: 4}
    m_direction: 1
    m_canBeDeleted: 1
    m_canBeReordered: 1
    m_curveModifier: 0
    m_height: 24
    m_width: 216
    m_x: 0
    m_y: 134
    m_id: 9a66ba22-213f-43c1-80aa-3b9ab0f50cc0
    m_nodeId: 2e444e71-71a1-4c3d-bc04-c3fe9f83f001
    m_socketName: OutputSocket_0
    m_value: '{"ButtonCategory":"MainMenu","ButtonName":"User","GameEvent":"","TimeDelay":3.0,"Trigger":0}'
    m_valueTypeQualifiedName: Doozy.Engine.UI.Connections.UIConnection, Assembly-CSharp,
      Version=0.0.0.0, Culture=neutral, PublicKeyToken=null
  - m_connectionMode: 0
    m_connections:
    - m_inputConnectionPoint: {x: 202, y: 4}
      m_outputConnectionPoint: {x: -2, y: 4}
      m_id: bd8e7c1a-4755-42a6-b081-77c948256222
      m_inputNodeId: 91b9b804-5fe3-4a9c-9b29-b45595430edd
      m_inputSocketId: fdb9c3ca-48ef-4955-b978-6279ae409dad
      m_outputNodeId: 2e444e71-71a1-4c3d-bc04-c3fe9f83f001
      m_outputSocketId: c03c0eef-0b84-4e9a-96fe-013d5dcff299
    m_connectionPoints:
    - {x: -2, y: 4}
    - {x: 202, y: 4}
    m_direction: 1
    m_canBeDeleted: 1
    m_canBeReordered: 1
    m_curveModifier: 0
    m_height: 24
    m_width: 216
    m_x: 0
    m_y: 158
    m_id: c03c0eef-0b84-4e9a-96fe-013d5dcff299
    m_nodeId: 2e444e71-71a1-4c3d-bc04-c3fe9f83f001
    m_socketName: OutputSocket_1
    m_value: '{"ButtonCategory":"MainMenu","ButtonName":"Ranking","GameEvent":"","TimeDelay":3.0,"Trigger":0}'
    m_valueTypeQualifiedName: Doozy.Engine.UI.Connections.UIConnection, Assembly-CSharp,
      Version=0.0.0.0, Culture=neutral, PublicKeyToken=null
  - m_connectionMode: 0
    m_connections:
    - m_inputConnectionPoint: {x: -2, y: 4}
      m_outputConnectionPoint: {x: 202, y: 4}
      m_id: f85785ae-ec30-41aa-959e-60ddf492da58
      m_inputNodeId: ff8115c3-6825-4619-92cd-52c19b904639
      m_inputSocketId: 2a516548-f4fb-448d-8a42-281ed6313693
      m_outputNodeId: 2e444e71-71a1-4c3d-bc04-c3fe9f83f001
      m_outputSocketId: 284a9549-a090-480f-9a38-69b67535acf7
    m_connectionPoints:
    - {x: -2, y: 4}
    - {x: 202, y: 4}
    m_direction: 1
    m_canBeDeleted: 1
    m_canBeReordered: 1
    m_curveModifier: 0
    m_height: 24
    m_width: 216
    m_x: 0
    m_y: 182
    m_id: 284a9549-a090-480f-9a38-69b67535acf7
    m_nodeId: 2e444e71-71a1-4c3d-bc04-c3fe9f83f001
    m_socketName: OutputSocket_5
    m_value: '{"ButtonCategory":"Matches","ButtonName":"RandomMatchButton","GameEvent":"","TimeDelay":3.0,"Trigger":0}'
    m_valueTypeQualifiedName: Doozy.Engine.UI.Connections.UIConnection, Assembly-CSharp,
      Version=0.0.0.0, Culture=neutral, PublicKeyToken=null
  m_nodeType: 4
  m_allowDuplicateNodeName: 0
  m_allowEmptyNodeName: 0
  m_canBeDeleted: 1
  m_debugMode: 0
  m_useFixedUpdate: 0
  m_useLateUpdate: 0
  m_useUpdate: 0
  m_height: 248
  m_width: 216
  m_x: 1704
  m_y: -228
  m_minimumInputSocketsCount: 1
  m_minimumOutputSocketsCount: 1
  m_graphId: ceef30dd-e3ea-420c-bf7a-94be6b8e9ee1
  m_id: 2e444e71-71a1-4c3d-bc04-c3fe9f83f001
  m_name: PendingMatches
  m_onEnterShowViews:
  - Category: MainMenu
    InstantAction: 0
    Name: MatchScreen
  - Category: Matches
    InstantAction: 1
    Name: PendingMatches
  m_onEnterHideViews:
  - Category: MainMenu
    InstantAction: 0
    Name: UserPanel
  - Category: Matches
    InstantAction: 0
    Name: Match
  - Category: Matches
    InstantAction: 0
    Name: MatchFriends
  - Category: Matches
    InstantAction: 0
    Name: SearchMatch
  m_onExitShowViews: []
  m_onExitHideViews:
  - Category: Matches
    InstantAction: 0
    Name: PendingMatches
--- !u!114 &-4457693436902620219
MonoBehaviour:
  m_ObjectHideFlags: 1
  m_CorrespondingSourceObject: {fileID: 0}
  m_PrefabInstance: {fileID: 0}
  m_PrefabAsset: {fileID: 0}
  m_GameObject: {fileID: 0}
  m_Enabled: 1
  m_EditorHideFlags: 0
  m_Script: {fileID: 11500000, guid: 840a439e06374673a9115ed02deb5a54, type: 3}
  m_Name: UINode
  m_EditorClassIdentifier: 
  ErrorNodeNameIsEmpty: 0
  ErrorDuplicateNameFoundInGraph: 0
  m_inputSockets:
  - m_connectionMode: 1
    m_connections:
    - m_inputConnectionPoint: {x: 202, y: 4}
      m_outputConnectionPoint: {x: 202, y: 4}
      m_id: 53e6a0b0-867c-4762-b6ac-c1f1c6ec9590
      m_inputNodeId: 85fed9d7-f693-488d-b10b-671c6fcafee0
      m_inputSocketId: 86666fbc-edcf-4b1f-ae30-ab8546d0c05d
      m_outputNodeId: 1227a597-9b49-4de1-b910-874427e8c7f6
      m_outputSocketId: 0c097b46-a319-4344-81d4-8300ce8af966
    m_connectionPoints:
    - {x: -2, y: 4}
    - {x: 202, y: 4}
    m_direction: 0
    m_canBeDeleted: 0
    m_canBeReordered: 0
    m_curveModifier: 0
    m_height: 24
    m_width: 216
    m_x: 0
    m_y: 38
    m_id: 86666fbc-edcf-4b1f-ae30-ab8546d0c05d
    m_nodeId: 85fed9d7-f693-488d-b10b-671c6fcafee0
    m_socketName: InputSocket_0
    m_value: '{"ButtonCategory":"General","ButtonName":"Unnamed","GameEvent":"","TimeDelay":3.0,"Trigger":0}'
    m_valueTypeQualifiedName: Doozy.Engine.UI.Connections.UIConnection, Assembly-CSharp,
      Version=0.0.0.0, Culture=neutral, PublicKeyToken=null
  m_outputSockets:
  - m_connectionMode: 0
    m_connections:
    - m_inputConnectionPoint: {x: 202, y: 4}
      m_outputConnectionPoint: {x: 202, y: 4}
      m_id: ee0e979d-a3b6-496d-8f8b-5324930ae2b5
      m_inputNodeId: 8b8326f4-d67e-4838-b93c-87b73e15841b
      m_inputSocketId: ef833916-c976-4d56-82fc-b56ad02e2d23
      m_outputNodeId: 85fed9d7-f693-488d-b10b-671c6fcafee0
      m_outputSocketId: 141c788b-b8b0-47bf-a340-2dc506b97e38
    m_connectionPoints:
    - {x: -2, y: 4}
    - {x: 202, y: 4}
    m_direction: 1
    m_canBeDeleted: 1
    m_canBeReordered: 1
    m_curveModifier: 0
    m_height: 24
    m_width: 216
    m_x: 0
    m_y: 62
    m_id: 141c788b-b8b0-47bf-a340-2dc506b97e38
    m_nodeId: 85fed9d7-f693-488d-b10b-671c6fcafee0
    m_socketName: OutputSocket_0
    m_value: '{"ButtonCategory":"General","ButtonName":"Back","GameEvent":"","TimeDelay":1.0,"Trigger":3}'
    m_valueTypeQualifiedName: Doozy.Engine.UI.Connections.UIConnection, Assembly-CSharp,
      Version=0.0.0.0, Culture=neutral, PublicKeyToken=null
  m_nodeType: 4
  m_allowDuplicateNodeName: 0
  m_allowEmptyNodeName: 0
  m_canBeDeleted: 1
  m_debugMode: 0
  m_useFixedUpdate: 0
  m_useLateUpdate: 0
  m_useUpdate: 0
  m_height: 128
  m_width: 216
  m_x: 1716
  m_y: 252
  m_minimumInputSocketsCount: 1
  m_minimumOutputSocketsCount: 1
  m_graphId: ceef30dd-e3ea-420c-bf7a-94be6b8e9ee1
  m_id: 85fed9d7-f693-488d-b10b-671c6fcafee0
  m_name: Theme Selection Node
  m_onEnterShowViews:
  - Category: Matches
    InstantAction: 0
    Name: ThemeSelection
  m_onEnterHideViews: []
  m_onExitShowViews: []
  m_onExitHideViews:
  - Category: Matches
    InstantAction: 0
    Name: ThemeSelection
--- !u!114 &-4255017832717570141
MonoBehaviour:
  m_ObjectHideFlags: 0
  m_CorrespondingSourceObject: {fileID: 0}
  m_PrefabInstance: {fileID: 0}
  m_PrefabAsset: {fileID: 0}
  m_GameObject: {fileID: 0}
  m_Enabled: 1
  m_EditorHideFlags: 0
  m_Script: {fileID: 11500000, guid: 840a439e06374673a9115ed02deb5a54, type: 3}
  m_Name: UINode
  m_EditorClassIdentifier: 
  ErrorNodeNameIsEmpty: 0
  ErrorDuplicateNameFoundInGraph: 0
  m_inputSockets:
  - m_connectionMode: 1
    m_connections:
    - m_inputConnectionPoint: {x: -2, y: 4}
      m_outputConnectionPoint: {x: 202, y: 4}
      m_id: c4f7ba9c-71e3-4510-88cc-14fd48123231
      m_inputNodeId: b779601c-58d9-4f54-b3c6-ec3e666d6d93
      m_inputSocketId: f4d1259a-ada3-4eb0-9f3e-358f468dac59
      m_outputNodeId: 06f4ae62-e7eb-4dc5-8712-dfed7af99582
      m_outputSocketId: 44ca64a4-e2d1-4bb2-999a-0a5db6e5b3ea
    - m_inputConnectionPoint: {x: -2, y: 4}
      m_outputConnectionPoint: {x: 202, y: 4}
      m_id: 767e3a47-ca27-4648-96d5-6f8590fbc00f
      m_inputNodeId: b779601c-58d9-4f54-b3c6-ec3e666d6d93
      m_inputSocketId: f4d1259a-ada3-4eb0-9f3e-358f468dac59
      m_outputNodeId: 91b9b804-5fe3-4a9c-9b29-b45595430edd
      m_outputSocketId: 23f7a298-a4db-4e19-b2e9-c2c666006932
    - m_inputConnectionPoint: {x: -2, y: 4}
      m_outputConnectionPoint: {x: 202, y: 4}
      m_id: 7dab741a-259a-4553-949a-03347caf77f3
      m_inputNodeId: b779601c-58d9-4f54-b3c6-ec3e666d6d93
      m_inputSocketId: f4d1259a-ada3-4eb0-9f3e-358f468dac59
      m_outputNodeId: 9c638c61-9b7d-4d46-8df8-b0d930d251eb
      m_outputSocketId: b821aa5f-a39d-4b8d-8435-a5a40e2ebf7d
    - m_inputConnectionPoint: {x: 202, y: 4}
      m_outputConnectionPoint: {x: -2, y: 4}
      m_id: 5a8e6f19-b07b-490c-921a-515c10d1308e
      m_inputNodeId: b779601c-58d9-4f54-b3c6-ec3e666d6d93
      m_inputSocketId: f4d1259a-ada3-4eb0-9f3e-358f468dac59
      m_outputNodeId: 2e444e71-71a1-4c3d-bc04-c3fe9f83f001
      m_outputSocketId: 9a66ba22-213f-43c1-80aa-3b9ab0f50cc0
    - m_inputConnectionPoint: {x: 202, y: 4}
      m_outputConnectionPoint: {x: -2, y: 4}
      m_id: affc5a62-18be-4a70-81bf-74ad5f6ebb87
      m_inputNodeId: b779601c-58d9-4f54-b3c6-ec3e666d6d93
      m_inputSocketId: f4d1259a-ada3-4eb0-9f3e-358f468dac59
      m_outputNodeId: ff8115c3-6825-4619-92cd-52c19b904639
      m_outputSocketId: b42654a4-58a7-45bc-af0c-0bba1cdca3e8
    - m_inputConnectionPoint: {x: 202, y: 4}
      m_outputConnectionPoint: {x: -2, y: 4}
      m_id: beb94bff-5898-4f4c-a587-8e540a5a6ebd
      m_inputNodeId: b779601c-58d9-4f54-b3c6-ec3e666d6d93
      m_inputSocketId: f4d1259a-ada3-4eb0-9f3e-358f468dac59
      m_outputNodeId: 8556aacd-69d1-49fa-b73d-c545fddd61f4
      m_outputSocketId: 50a821ca-acb8-4b97-a940-24145c454a66
    - m_inputConnectionPoint: {x: 202, y: 4}
      m_outputConnectionPoint: {x: -2, y: 4}
      m_id: fbc5420b-c329-4376-9a5d-9f4b85603f51
      m_inputNodeId: b779601c-58d9-4f54-b3c6-ec3e666d6d93
      m_inputSocketId: f4d1259a-ada3-4eb0-9f3e-358f468dac59
      m_outputNodeId: 2bfe8dad-5a27-487f-b26c-9ba5ee99a3ae
      m_outputSocketId: fbe1a57a-f584-480f-9156-d9930fb5ab48
    - m_inputConnectionPoint: {x: -2, y: 4}
      m_outputConnectionPoint: {x: 202, y: 4}
      m_id: 276c8463-0b16-49e1-a736-309a7136eab2
      m_inputNodeId: b779601c-58d9-4f54-b3c6-ec3e666d6d93
      m_inputSocketId: f4d1259a-ada3-4eb0-9f3e-358f468dac59
      m_outputNodeId: 91b9b804-5fe3-4a9c-9b29-b45595430edd
      m_outputSocketId: 9beec54e-58da-4d72-9db1-9fbf321f5879
    - m_inputConnectionPoint: {x: -2, y: 4}
      m_outputConnectionPoint: {x: 202, y: 4}
      m_id: 21b3ba86-9740-4675-a0e1-93bf2c6b2329
      m_inputNodeId: b779601c-58d9-4f54-b3c6-ec3e666d6d93
      m_inputSocketId: f4d1259a-ada3-4eb0-9f3e-358f468dac59
      m_outputNodeId: 06f4ae62-e7eb-4dc5-8712-dfed7af99582
      m_outputSocketId: 7955832a-4bc2-436a-b523-c4509c483aaf
    m_connectionPoints:
    - {x: -2, y: 4}
    - {x: 202, y: 4}
    m_direction: 0
    m_canBeDeleted: 0
    m_canBeReordered: 0
    m_curveModifier: 0
    m_height: 24
    m_width: 216
    m_x: 0
    m_y: 38
    m_id: f4d1259a-ada3-4eb0-9f3e-358f468dac59
    m_nodeId: b779601c-58d9-4f54-b3c6-ec3e666d6d93
    m_socketName: InputSocket_0
    m_value: '{"ButtonCategory":"General","ButtonName":"Unnamed","GameEvent":"","TimeDelay":3.0,"Trigger":0}'
    m_valueTypeQualifiedName: Doozy.Engine.UI.Connections.UIConnection, Assembly-CSharp,
      Version=0.0.0.0, Culture=neutral, PublicKeyToken=null
  m_outputSockets:
  - m_connectionMode: 0
    m_connections:
    - m_inputConnectionPoint: {x: 202, y: 4}
      m_outputConnectionPoint: {x: -2, y: 4}
      m_id: e7b5f65e-5906-442a-b03b-79f308722b42
      m_inputNodeId: 06f4ae62-e7eb-4dc5-8712-dfed7af99582
      m_inputSocketId: 16524266-dd82-4194-a717-5e2e497214a1
      m_outputNodeId: b779601c-58d9-4f54-b3c6-ec3e666d6d93
      m_outputSocketId: cc736482-2236-450e-94ca-e99d27a213b9
    m_connectionPoints:
    - {x: -2, y: 4}
    - {x: 202, y: 4}
    m_direction: 1
    m_canBeDeleted: 1
    m_canBeReordered: 1
    m_curveModifier: 0
    m_height: 24
    m_width: 216
    m_x: 0
    m_y: 62
    m_id: cc736482-2236-450e-94ca-e99d27a213b9
    m_nodeId: b779601c-58d9-4f54-b3c6-ec3e666d6d93
    m_socketName: OutputSocket_0
    m_value: '{"ButtonCategory":"UserScreen","ButtonName":"Social","GameEvent":"","TimeDelay":3.0,"Trigger":0}'
    m_valueTypeQualifiedName: Doozy.Engine.UI.Connections.UIConnection, Assembly-CSharp,
      Version=0.0.0.0, Culture=neutral, PublicKeyToken=null
  - m_connectionMode: 0
    m_connections:
    - m_inputConnectionPoint: {x: 202, y: 4}
      m_outputConnectionPoint: {x: -2, y: 4}
      m_id: e3dafca5-e38b-4ca7-9b57-b2f6bb041d6d
      m_inputNodeId: 91b9b804-5fe3-4a9c-9b29-b45595430edd
      m_inputSocketId: fdb9c3ca-48ef-4955-b978-6279ae409dad
      m_outputNodeId: b779601c-58d9-4f54-b3c6-ec3e666d6d93
      m_outputSocketId: 08f93aa9-3c8b-452f-9843-e76c7fcc2e13
    m_connectionPoints:
    - {x: -2, y: 4}
    - {x: 202, y: 4}
    m_direction: 1
    m_canBeDeleted: 1
    m_canBeReordered: 1
    m_curveModifier: 0
    m_height: 24
    m_width: 216
    m_x: 0
    m_y: 86
    m_id: 08f93aa9-3c8b-452f-9843-e76c7fcc2e13
    m_nodeId: b779601c-58d9-4f54-b3c6-ec3e666d6d93
    m_socketName: OutputSocket_1
    m_value: '{"ButtonCategory":"UserScreen","ButtonName":"Performance","GameEvent":"","TimeDelay":3.0,"Trigger":0}'
    m_valueTypeQualifiedName: Doozy.Engine.UI.Connections.UIConnection, Assembly-CSharp,
      Version=0.0.0.0, Culture=neutral, PublicKeyToken=null
  - m_connectionMode: 0
    m_connections:
    - m_inputConnectionPoint: {x: -2, y: 4}
      m_outputConnectionPoint: {x: 202, y: 4}
      m_id: 30861c8e-583a-41df-a60a-467df9194139
      m_inputNodeId: 2e444e71-71a1-4c3d-bc04-c3fe9f83f001
      m_inputSocketId: 95002295-8075-45f8-9613-de273ad3adbd
      m_outputNodeId: b779601c-58d9-4f54-b3c6-ec3e666d6d93
      m_outputSocketId: dabf5fbe-de1d-42e4-883d-596d34d5298e
    m_connectionPoints:
    - {x: -2, y: 4}
    - {x: 202, y: 4}
    m_direction: 1
    m_canBeDeleted: 1
    m_canBeReordered: 1
    m_curveModifier: 0
    m_height: 24
    m_width: 216
    m_x: 0
    m_y: 110
    m_id: dabf5fbe-de1d-42e4-883d-596d34d5298e
    m_nodeId: b779601c-58d9-4f54-b3c6-ec3e666d6d93
    m_socketName: OutputSocket_2
    m_value: '{"ButtonCategory":"MainMenu","ButtonName":"Match","GameEvent":"","TimeDelay":3.0,"Trigger":0}'
    m_valueTypeQualifiedName: Doozy.Engine.UI.Connections.UIConnection, Assembly-CSharp,
      Version=0.0.0.0, Culture=neutral, PublicKeyToken=null
  - m_connectionMode: 0
    m_connections:
    - m_inputConnectionPoint: {x: 202, y: 4}
      m_outputConnectionPoint: {x: -2, y: 4}
      m_id: e3db2eab-2285-49fd-8706-abdb4cb9b846
      m_inputNodeId: 91b9b804-5fe3-4a9c-9b29-b45595430edd
      m_inputSocketId: fdb9c3ca-48ef-4955-b978-6279ae409dad
      m_outputNodeId: b779601c-58d9-4f54-b3c6-ec3e666d6d93
      m_outputSocketId: 346503fb-a2ac-4039-afcd-2321b4a0b2f6
    m_connectionPoints:
    - {x: -2, y: 4}
    - {x: 202, y: 4}
    m_direction: 1
    m_canBeDeleted: 1
    m_canBeReordered: 1
    m_curveModifier: 0
    m_height: 24
    m_width: 216
    m_x: 0
    m_y: 134
    m_id: 346503fb-a2ac-4039-afcd-2321b4a0b2f6
    m_nodeId: b779601c-58d9-4f54-b3c6-ec3e666d6d93
    m_socketName: OutputSocket_3
    m_value: '{"ButtonCategory":"MainMenu","ButtonName":"Ranking","GameEvent":"","TimeDelay":3.0,"Trigger":0}'
    m_valueTypeQualifiedName: Doozy.Engine.UI.Connections.UIConnection, Assembly-CSharp,
      Version=0.0.0.0, Culture=neutral, PublicKeyToken=null
  m_nodeType: 4
  m_allowDuplicateNodeName: 0
  m_allowEmptyNodeName: 0
  m_canBeDeleted: 1
  m_debugMode: 0
  m_useFixedUpdate: 0
  m_useLateUpdate: 0
  m_useUpdate: 0
  m_height: 200
  m_width: 216
  m_x: 1380
  m_y: 60
  m_minimumInputSocketsCount: 1
  m_minimumOutputSocketsCount: 1
  m_graphId: ceef30dd-e3ea-420c-bf7a-94be6b8e9ee1
  m_id: b779601c-58d9-4f54-b3c6-ec3e666d6d93
  m_name: Account
  m_onEnterShowViews:
  - Category: MainMenu
    InstantAction: 0
    Name: UserPanel
  - Category: User
    InstantAction: 0
    Name: Account
  m_onEnterHideViews:
  - Category: MainMenu
    InstantAction: 0
    Name: MatchScreen
  - Category: User
    InstantAction: 0
    Name: Perfomance
  - Category: User
    InstantAction: 0
    Name: Social
  m_onExitShowViews: []
  m_onExitHideViews:
  - Category: User
    InstantAction: 0
    Name: Account
--- !u!114 &-2116098652574270919
MonoBehaviour:
  m_ObjectHideFlags: 0
  m_CorrespondingSourceObject: {fileID: 0}
  m_PrefabInstance: {fileID: 0}
  m_PrefabAsset: {fileID: 0}
  m_GameObject: {fileID: 0}
  m_Enabled: 1
  m_EditorHideFlags: 0
  m_Script: {fileID: 11500000, guid: 840a439e06374673a9115ed02deb5a54, type: 3}
  m_Name: UINode
  m_EditorClassIdentifier: 
  ErrorNodeNameIsEmpty: 0
  ErrorDuplicateNameFoundInGraph: 0
  m_inputSockets:
  - m_connectionMode: 1
    m_connections:
    - m_inputConnectionPoint: {x: -2, y: 4}
      m_outputConnectionPoint: {x: 202, y: 4}
      m_id: a82ef16a-868f-48fa-9fe2-3a7e3b22cd69
      m_inputNodeId: 2bfe8dad-5a27-487f-b26c-9ba5ee99a3ae
      m_inputSocketId: 9913eff5-daf0-49f9-9ee6-0ba25523d22b
      m_outputNodeId: 2e444e71-71a1-4c3d-bc04-c3fe9f83f001
      m_outputSocketId: 49e0a4ca-28f6-462f-a5ca-9abafa088ba4
    - m_inputConnectionPoint: {x: 202, y: 4}
      m_outputConnectionPoint: {x: 202, y: 4}
      m_id: 2f2a300a-1cdd-4672-a2f4-3a20570117f9
      m_inputNodeId: 2bfe8dad-5a27-487f-b26c-9ba5ee99a3ae
      m_inputSocketId: 9913eff5-daf0-49f9-9ee6-0ba25523d22b
      m_outputNodeId: ff8115c3-6825-4619-92cd-52c19b904639
      m_outputSocketId: aebdb650-9ce9-40b3-a9f7-0d2afe08c75d
    - m_inputConnectionPoint: {x: 202, y: 4}
      m_outputConnectionPoint: {x: 202, y: 4}
      m_id: d48f9494-6df8-4c92-9fe3-6c13f4ad0035
      m_inputNodeId: 2bfe8dad-5a27-487f-b26c-9ba5ee99a3ae
      m_inputSocketId: 9913eff5-daf0-49f9-9ee6-0ba25523d22b
      m_outputNodeId: 8556aacd-69d1-49fa-b73d-c545fddd61f4
      m_outputSocketId: 0bfe725f-dbfc-4c3c-b0df-64112e14da28
    m_connectionPoints:
    - {x: -2, y: 4}
    - {x: 202, y: 4}
    m_direction: 0
    m_canBeDeleted: 0
    m_canBeReordered: 0
    m_curveModifier: 0
    m_height: 24
    m_width: 216
    m_x: 0
    m_y: 38
    m_id: 9913eff5-daf0-49f9-9ee6-0ba25523d22b
    m_nodeId: 2bfe8dad-5a27-487f-b26c-9ba5ee99a3ae
    m_socketName: InputSocket_0
    m_value: '{"ButtonCategory":"General","ButtonName":"Unnamed","GameEvent":"","TimeDelay":3.0,"Trigger":0}'
    m_valueTypeQualifiedName: Doozy.Engine.UI.Connections.UIConnection, Assembly-CSharp,
      Version=0.0.0.0, Culture=neutral, PublicKeyToken=null
  m_outputSockets:
  - m_connectionMode: 0
    m_connections:
    - m_inputConnectionPoint: {x: 202, y: 4}
      m_outputConnectionPoint: {x: 202, y: 4}
      m_id: 0397ca69-4256-42a0-96af-9222aeb6cc01
      m_inputNodeId: ff8115c3-6825-4619-92cd-52c19b904639
      m_inputSocketId: 2a516548-f4fb-448d-8a42-281ed6313693
      m_outputNodeId: 2bfe8dad-5a27-487f-b26c-9ba5ee99a3ae
      m_outputSocketId: cb591c11-b4d9-4364-984d-44186ff2c2c8
    m_connectionPoints:
    - {x: -2, y: 4}
    - {x: 202, y: 4}
    m_direction: 1
    m_canBeDeleted: 1
    m_canBeReordered: 1
    m_curveModifier: 0
    m_height: 24
    m_width: 216
    m_x: 0
    m_y: 62
    m_id: cb591c11-b4d9-4364-984d-44186ff2c2c8
    m_nodeId: 2bfe8dad-5a27-487f-b26c-9ba5ee99a3ae
    m_socketName: OutputSocket_0
    m_value: '{"ButtonCategory":"Matches","ButtonName":"RandomMatchButton","GameEvent":"","TimeDelay":3.0,"Trigger":0}'
    m_valueTypeQualifiedName: Doozy.Engine.UI.Connections.UIConnection, Assembly-CSharp,
      Version=0.0.0.0, Culture=neutral, PublicKeyToken=null
  - m_connectionMode: 0
    m_connections:
    - m_inputConnectionPoint: {x: 202, y: 4}
      m_outputConnectionPoint: {x: -2, y: 4}
      m_id: 75e5ce95-4c2f-4cc3-8bb9-b970f875f270
      m_inputNodeId: 2e444e71-71a1-4c3d-bc04-c3fe9f83f001
      m_inputSocketId: 95002295-8075-45f8-9613-de273ad3adbd
      m_outputNodeId: 2bfe8dad-5a27-487f-b26c-9ba5ee99a3ae
      m_outputSocketId: c2561a86-b126-4e7f-9984-379ca96e7bb4
    m_connectionPoints:
    - {x: -2, y: 4}
    - {x: 202, y: 4}
    m_direction: 1
    m_canBeDeleted: 1
    m_canBeReordered: 1
    m_curveModifier: 0
    m_height: 24
    m_width: 216
    m_x: 0
    m_y: 86
    m_id: c2561a86-b126-4e7f-9984-379ca96e7bb4
    m_nodeId: 2bfe8dad-5a27-487f-b26c-9ba5ee99a3ae
    m_socketName: OutputSocket_1
    m_value: '{"ButtonCategory":"Matches","ButtonName":"PendingMatchesButton","GameEvent":"","TimeDelay":3.0,"Trigger":0}'
    m_valueTypeQualifiedName: Doozy.Engine.UI.Connections.UIConnection, Assembly-CSharp,
      Version=0.0.0.0, Culture=neutral, PublicKeyToken=null
  - m_connectionMode: 0
    m_connections:
    - m_inputConnectionPoint: {x: 202, y: 4}
      m_outputConnectionPoint: {x: 202, y: 4}
      m_id: a9ea7e8d-fe3e-4ec4-8d5a-1388df484144
      m_inputNodeId: 8556aacd-69d1-49fa-b73d-c545fddd61f4
      m_inputSocketId: 4345022d-d577-4966-8d18-17737830c89a
      m_outputNodeId: 2bfe8dad-5a27-487f-b26c-9ba5ee99a3ae
      m_outputSocketId: edb14825-574a-4b0b-a801-256d16ab72fa
    m_connectionPoints:
    - {x: -2, y: 4}
    - {x: 202, y: 4}
    m_direction: 1
    m_canBeDeleted: 1
    m_canBeReordered: 1
    m_curveModifier: 0
    m_height: 24
    m_width: 216
    m_x: 0
    m_y: 110
    m_id: edb14825-574a-4b0b-a801-256d16ab72fa
    m_nodeId: 2bfe8dad-5a27-487f-b26c-9ba5ee99a3ae
    m_socketName: OutputSocket_2
    m_value: '{"ButtonCategory":"Matches","ButtonName":"FriendsMatchButton","GameEvent":"","TimeDelay":3.0,"Trigger":0}'
    m_valueTypeQualifiedName: Doozy.Engine.UI.Connections.UIConnection, Assembly-CSharp,
      Version=0.0.0.0, Culture=neutral, PublicKeyToken=null
  - m_connectionMode: 0
    m_connections:
    - m_inputConnectionPoint: {x: 202, y: 4}
      m_outputConnectionPoint: {x: -2, y: 4}
      m_id: 1730a2ad-1174-4004-88ca-246b95b0413f
      m_inputNodeId: 1227a597-9b49-4de1-b910-874427e8c7f6
      m_inputSocketId: 16896e9b-946d-4777-9e6b-cc6e1b6b8348
      m_outputNodeId: 2bfe8dad-5a27-487f-b26c-9ba5ee99a3ae
      m_outputSocketId: bf588293-f00b-4e84-9426-ae123175d103
    m_connectionPoints:
    - {x: -2, y: 4}
    - {x: 202, y: 4}
    m_direction: 1
    m_canBeDeleted: 1
    m_canBeReordered: 1
    m_curveModifier: 0
    m_height: 24
    m_width: 216
    m_x: 0
    m_y: 134
    m_id: bf588293-f00b-4e84-9426-ae123175d103
    m_nodeId: 2bfe8dad-5a27-487f-b26c-9ba5ee99a3ae
    m_socketName: OutputSocket_3
    m_value: '{"ButtonCategory":"Matches","ButtonName":"PlayButton","GameEvent":"","TimeDelay":3.0,"Trigger":0}'
    m_valueTypeQualifiedName: Doozy.Engine.UI.Connections.UIConnection, Assembly-CSharp,
      Version=0.0.0.0, Culture=neutral, PublicKeyToken=null
  - m_connectionMode: 0
    m_connections:
    - m_inputConnectionPoint: {x: 202, y: 4}
      m_outputConnectionPoint: {x: -2, y: 4}
      m_id: 78bfd612-e4fd-46b9-b18b-ea46eec77495
      m_inputNodeId: 91b9b804-5fe3-4a9c-9b29-b45595430edd
      m_inputSocketId: fdb9c3ca-48ef-4955-b978-6279ae409dad
      m_outputNodeId: 2bfe8dad-5a27-487f-b26c-9ba5ee99a3ae
      m_outputSocketId: 9dfc4c9a-16cb-466d-8ed6-57533119adb4
    m_connectionPoints:
    - {x: -2, y: 4}
    - {x: 202, y: 4}
    m_direction: 1
    m_canBeDeleted: 1
    m_canBeReordered: 1
    m_curveModifier: 0
    m_height: 24
    m_width: 216
    m_x: 0
    m_y: 158
    m_id: 9dfc4c9a-16cb-466d-8ed6-57533119adb4
    m_nodeId: 2bfe8dad-5a27-487f-b26c-9ba5ee99a3ae
    m_socketName: OutputSocket_4
    m_value: '{"ButtonCategory":"MainMenu","ButtonName":"Ranking","GameEvent":"","TimeDelay":3.0,"Trigger":0}'
    m_valueTypeQualifiedName: Doozy.Engine.UI.Connections.UIConnection, Assembly-CSharp,
      Version=0.0.0.0, Culture=neutral, PublicKeyToken=null
  - m_connectionMode: 0
    m_connections:
    - m_inputConnectionPoint: {x: 202, y: 4}
      m_outputConnectionPoint: {x: -2, y: 4}
      m_id: fbc5420b-c329-4376-9a5d-9f4b85603f51
      m_inputNodeId: b779601c-58d9-4f54-b3c6-ec3e666d6d93
      m_inputSocketId: f4d1259a-ada3-4eb0-9f3e-358f468dac59
      m_outputNodeId: 2bfe8dad-5a27-487f-b26c-9ba5ee99a3ae
      m_outputSocketId: fbe1a57a-f584-480f-9156-d9930fb5ab48
    m_connectionPoints:
    - {x: -2, y: 4}
    - {x: 202, y: 4}
    m_direction: 1
    m_canBeDeleted: 1
    m_canBeReordered: 1
    m_curveModifier: 0
    m_height: 24
    m_width: 216
    m_x: 0
    m_y: 182
    m_id: fbe1a57a-f584-480f-9156-d9930fb5ab48
    m_nodeId: 2bfe8dad-5a27-487f-b26c-9ba5ee99a3ae
    m_socketName: OutputSocket_5
    m_value: '{"ButtonCategory":"MainMenu","ButtonName":"User","GameEvent":"","TimeDelay":3.0,"Trigger":0}'
    m_valueTypeQualifiedName: Doozy.Engine.UI.Connections.UIConnection, Assembly-CSharp,
      Version=0.0.0.0, Culture=neutral, PublicKeyToken=null
  m_nodeType: 4
  m_allowDuplicateNodeName: 0
  m_allowEmptyNodeName: 0
  m_canBeDeleted: 1
  m_debugMode: 0
  m_useFixedUpdate: 0
  m_useLateUpdate: 0
  m_useUpdate: 0
  m_height: 248
  m_width: 216
  m_x: 2124
  m_y: 12
  m_minimumInputSocketsCount: 1
  m_minimumOutputSocketsCount: 1
  m_graphId: ceef30dd-e3ea-420c-bf7a-94be6b8e9ee1
  m_id: 2bfe8dad-5a27-487f-b26c-9ba5ee99a3ae
  m_name: SearchMatch
  m_onEnterShowViews:
  - Category: Matches
    InstantAction: 0
    Name: SearchMatch
  m_onEnterHideViews: []
  m_onExitShowViews: []
  m_onExitHideViews:
  - Category: Matches
    InstantAction: 0
    Name: SearchMatch
--- !u!114 &-2017642554453074644
MonoBehaviour:
  m_ObjectHideFlags: 0
  m_CorrespondingSourceObject: {fileID: 0}
  m_PrefabInstance: {fileID: 0}
  m_PrefabAsset: {fileID: 0}
  m_GameObject: {fileID: 0}
  m_Enabled: 1
  m_EditorHideFlags: 0
  m_Script: {fileID: 11500000, guid: 840a439e06374673a9115ed02deb5a54, type: 3}
  m_Name: UINode
  m_EditorClassIdentifier: 
  ErrorNodeNameIsEmpty: 0
  ErrorDuplicateNameFoundInGraph: 0
  m_inputSockets:
  - m_connectionMode: 1
    m_connections:
    - m_inputConnectionPoint: {x: 202, y: 4}
      m_outputConnectionPoint: {x: 202, y: 4}
      m_id: 8f0f8c9e-a242-4b3d-a6cf-064c397c8e92
      m_inputNodeId: 8556aacd-69d1-49fa-b73d-c545fddd61f4
      m_inputSocketId: 4345022d-d577-4966-8d18-17737830c89a
      m_outputNodeId: ff8115c3-6825-4619-92cd-52c19b904639
      m_outputSocketId: 69f65f06-2b12-4f87-a8d9-532e9edf8410
    - m_inputConnectionPoint: {x: 202, y: 4}
      m_outputConnectionPoint: {x: 202, y: 4}
      m_id: a9ea7e8d-fe3e-4ec4-8d5a-1388df484144
      m_inputNodeId: 8556aacd-69d1-49fa-b73d-c545fddd61f4
      m_inputSocketId: 4345022d-d577-4966-8d18-17737830c89a
      m_outputNodeId: 2bfe8dad-5a27-487f-b26c-9ba5ee99a3ae
      m_outputSocketId: edb14825-574a-4b0b-a801-256d16ab72fa
    - m_inputConnectionPoint: {x: -2, y: 4}
      m_outputConnectionPoint: {x: 202, y: 4}
      m_id: 7e029d7e-4fda-436a-bc70-1002d7265949
      m_inputNodeId: 8556aacd-69d1-49fa-b73d-c545fddd61f4
      m_inputSocketId: 4345022d-d577-4966-8d18-17737830c89a
      m_outputNodeId: 2e444e71-71a1-4c3d-bc04-c3fe9f83f001
      m_outputSocketId: dc806e32-a2c5-4fe5-9b65-6c9b3b50d1d2
    m_connectionPoints:
    - {x: -2, y: 4}
    - {x: 202, y: 4}
    m_direction: 0
    m_canBeDeleted: 0
    m_canBeReordered: 0
    m_curveModifier: 0
    m_height: 24
    m_width: 216
    m_x: 0
    m_y: 38
    m_id: 4345022d-d577-4966-8d18-17737830c89a
    m_nodeId: 8556aacd-69d1-49fa-b73d-c545fddd61f4
    m_socketName: InputSocket_0
    m_value: '{"ButtonCategory":"General","ButtonName":"Unnamed","GameEvent":"","TimeDelay":3.0,"Trigger":0}'
    m_valueTypeQualifiedName: Doozy.Engine.UI.Connections.UIConnection, Assembly-CSharp,
      Version=0.0.0.0, Culture=neutral, PublicKeyToken=null
  m_outputSockets:
  - m_connectionMode: 0
    m_connections:
    - m_inputConnectionPoint: {x: 202, y: 4}
      m_outputConnectionPoint: {x: 202, y: 4}
      m_id: 162a4bca-3549-4341-bc40-6d9ec858a65a
      m_inputNodeId: ff8115c3-6825-4619-92cd-52c19b904639
      m_inputSocketId: 2a516548-f4fb-448d-8a42-281ed6313693
      m_outputNodeId: 8556aacd-69d1-49fa-b73d-c545fddd61f4
      m_outputSocketId: e646a555-d390-401c-a26c-9af3c97f57a9
    m_connectionPoints:
    - {x: -2, y: 4}
    - {x: 202, y: 4}
    m_direction: 1
    m_canBeDeleted: 1
    m_canBeReordered: 1
    m_curveModifier: 0
    m_height: 24
    m_width: 216
    m_x: 0
    m_y: 62
    m_id: e646a555-d390-401c-a26c-9af3c97f57a9
    m_nodeId: 8556aacd-69d1-49fa-b73d-c545fddd61f4
    m_socketName: OutputSocket_0
    m_value: '{"ButtonCategory":"Matches","ButtonName":"RandomMatchButton","GameEvent":"","TimeDelay":3.0,"Trigger":0}'
    m_valueTypeQualifiedName: Doozy.Engine.UI.Connections.UIConnection, Assembly-CSharp,
      Version=0.0.0.0, Culture=neutral, PublicKeyToken=null
  - m_connectionMode: 0
    m_connections:
    - m_inputConnectionPoint: {x: 202, y: 4}
      m_outputConnectionPoint: {x: -2, y: 4}
      m_id: 3c2f3044-68bd-4ffa-a475-0cdad8f1feb6
      m_inputNodeId: 1227a597-9b49-4de1-b910-874427e8c7f6
      m_inputSocketId: 16896e9b-946d-4777-9e6b-cc6e1b6b8348
      m_outputNodeId: 8556aacd-69d1-49fa-b73d-c545fddd61f4
      m_outputSocketId: 6f94f65d-ff3f-4755-a938-f08193cb62e9
    m_connectionPoints:
    - {x: -2, y: 4}
    - {x: 202, y: 4}
    m_direction: 1
    m_canBeDeleted: 1
    m_canBeReordered: 1
    m_curveModifier: 0
    m_height: 24
    m_width: 216
    m_x: 0
    m_y: 86
    m_id: 6f94f65d-ff3f-4755-a938-f08193cb62e9
    m_nodeId: 8556aacd-69d1-49fa-b73d-c545fddd61f4
    m_socketName: OutputSocket_1
    m_value: '{"ButtonCategory":"Matches","ButtonName":"PlayButton","GameEvent":"","TimeDelay":3.0,"Trigger":0}'
    m_valueTypeQualifiedName: Doozy.Engine.UI.Connections.UIConnection, Assembly-CSharp,
      Version=0.0.0.0, Culture=neutral, PublicKeyToken=null
  - m_connectionMode: 0
    m_connections:
    - m_inputConnectionPoint: {x: 202, y: 4}
      m_outputConnectionPoint: {x: 202, y: 4}
      m_id: 6799d87d-b410-4635-8905-95a09c911dac
      m_inputNodeId: ff8115c3-6825-4619-92cd-52c19b904639
      m_inputSocketId: 2a516548-f4fb-448d-8a42-281ed6313693
      m_outputNodeId: 8556aacd-69d1-49fa-b73d-c545fddd61f4
      m_outputSocketId: 27fb8824-7485-4455-ad6b-2c891aea2516
    m_connectionPoints:
    - {x: -2, y: 4}
    - {x: 202, y: 4}
    m_direction: 1
    m_canBeDeleted: 1
    m_canBeReordered: 1
    m_curveModifier: 0
    m_height: 24
    m_width: 216
    m_x: 0
    m_y: 110
    m_id: 27fb8824-7485-4455-ad6b-2c891aea2516
    m_nodeId: 8556aacd-69d1-49fa-b73d-c545fddd61f4
    m_socketName: OutputSocket_2
    m_value: '{"ButtonCategory":"Matches","ButtonName":"RandomMatchButton","GameEvent":"","TimeDelay":3.0,"Trigger":0}'
    m_valueTypeQualifiedName: Doozy.Engine.UI.Connections.UIConnection, Assembly-CSharp,
      Version=0.0.0.0, Culture=neutral, PublicKeyToken=null
  - m_connectionMode: 0
    m_connections:
    - m_inputConnectionPoint: {x: 202, y: 4}
      m_outputConnectionPoint: {x: 202, y: 4}
      m_id: d48f9494-6df8-4c92-9fe3-6c13f4ad0035
      m_inputNodeId: 2bfe8dad-5a27-487f-b26c-9ba5ee99a3ae
      m_inputSocketId: 9913eff5-daf0-49f9-9ee6-0ba25523d22b
      m_outputNodeId: 8556aacd-69d1-49fa-b73d-c545fddd61f4
      m_outputSocketId: 0bfe725f-dbfc-4c3c-b0df-64112e14da28
    m_connectionPoints:
    - {x: -2, y: 4}
    - {x: 202, y: 4}
    m_direction: 1
    m_canBeDeleted: 1
    m_canBeReordered: 1
    m_curveModifier: 0
    m_height: 24
    m_width: 216
    m_x: 0
    m_y: 134
    m_id: 0bfe725f-dbfc-4c3c-b0df-64112e14da28
    m_nodeId: 8556aacd-69d1-49fa-b73d-c545fddd61f4
    m_socketName: OutputSocket_3
    m_value: '{"ButtonCategory":"Matches","ButtonName":"SearchOpponentButton","GameEvent":"","TimeDelay":3.0,"Trigger":0}'
    m_valueTypeQualifiedName: Doozy.Engine.UI.Connections.UIConnection, Assembly-CSharp,
      Version=0.0.0.0, Culture=neutral, PublicKeyToken=null
  - m_connectionMode: 0
    m_connections:
    - m_inputConnectionPoint: {x: 202, y: 4}
      m_outputConnectionPoint: {x: -2, y: 4}
      m_id: b8ad0255-8430-40ab-a423-b6c8fd284cdd
      m_inputNodeId: 2e444e71-71a1-4c3d-bc04-c3fe9f83f001
      m_inputSocketId: 95002295-8075-45f8-9613-de273ad3adbd
      m_outputNodeId: 8556aacd-69d1-49fa-b73d-c545fddd61f4
      m_outputSocketId: f1f286fd-9900-4bac-bdb4-d45d2ecb58d8
    m_connectionPoints:
    - {x: -2, y: 4}
    - {x: 202, y: 4}
    m_direction: 1
    m_canBeDeleted: 1
    m_canBeReordered: 1
    m_curveModifier: 0
    m_height: 24
    m_width: 216
    m_x: 0
    m_y: 158
    m_id: f1f286fd-9900-4bac-bdb4-d45d2ecb58d8
    m_nodeId: 8556aacd-69d1-49fa-b73d-c545fddd61f4
    m_socketName: OutputSocket_4
    m_value: '{"ButtonCategory":"Matches","ButtonName":"PendingMatchesButton","GameEvent":"","TimeDelay":3.0,"Trigger":0}'
    m_valueTypeQualifiedName: Doozy.Engine.UI.Connections.UIConnection, Assembly-CSharp,
      Version=0.0.0.0, Culture=neutral, PublicKeyToken=null
  - m_connectionMode: 0
    m_connections:
    - m_inputConnectionPoint: {x: 202, y: 4}
      m_outputConnectionPoint: {x: -2, y: 4}
      m_id: beb94bff-5898-4f4c-a587-8e540a5a6ebd
      m_inputNodeId: b779601c-58d9-4f54-b3c6-ec3e666d6d93
      m_inputSocketId: f4d1259a-ada3-4eb0-9f3e-358f468dac59
      m_outputNodeId: 8556aacd-69d1-49fa-b73d-c545fddd61f4
      m_outputSocketId: 50a821ca-acb8-4b97-a940-24145c454a66
    m_connectionPoints:
    - {x: -2, y: 4}
    - {x: 202, y: 4}
    m_direction: 1
    m_canBeDeleted: 1
    m_canBeReordered: 1
    m_curveModifier: 0
    m_height: 24
    m_width: 216
    m_x: 0
    m_y: 182
    m_id: 50a821ca-acb8-4b97-a940-24145c454a66
    m_nodeId: 8556aacd-69d1-49fa-b73d-c545fddd61f4
    m_socketName: OutputSocket_5
    m_value: '{"ButtonCategory":"MainMenu","ButtonName":"User","GameEvent":"","TimeDelay":3.0,"Trigger":0}'
    m_valueTypeQualifiedName: Doozy.Engine.UI.Connections.UIConnection, Assembly-CSharp,
      Version=0.0.0.0, Culture=neutral, PublicKeyToken=null
  - m_connectionMode: 0
    m_connections:
    - m_inputConnectionPoint: {x: 202, y: 4}
      m_outputConnectionPoint: {x: -2, y: 4}
      m_id: 7488f264-feb1-41ce-966b-08194160f634
      m_inputNodeId: 91b9b804-5fe3-4a9c-9b29-b45595430edd
      m_inputSocketId: fdb9c3ca-48ef-4955-b978-6279ae409dad
      m_outputNodeId: 8556aacd-69d1-49fa-b73d-c545fddd61f4
      m_outputSocketId: 5833829b-2809-4ebd-adcf-4ce3956ad97e
    m_connectionPoints:
    - {x: -2, y: 4}
    - {x: 202, y: 4}
    m_direction: 1
    m_canBeDeleted: 1
    m_canBeReordered: 1
    m_curveModifier: 0
    m_height: 24
    m_width: 216
    m_x: 0
    m_y: 206
    m_id: 5833829b-2809-4ebd-adcf-4ce3956ad97e
    m_nodeId: 8556aacd-69d1-49fa-b73d-c545fddd61f4
    m_socketName: OutputSocket_6
    m_value: '{"ButtonCategory":"MainMenu","ButtonName":"Ranking","GameEvent":"","TimeDelay":3.0,"Trigger":0}'
    m_valueTypeQualifiedName: Doozy.Engine.UI.Connections.UIConnection, Assembly-CSharp,
      Version=0.0.0.0, Culture=neutral, PublicKeyToken=null
  m_nodeType: 4
  m_allowDuplicateNodeName: 0
  m_allowEmptyNodeName: 0
  m_canBeDeleted: 1
  m_debugMode: 0
  m_useFixedUpdate: 0
  m_useLateUpdate: 0
  m_useUpdate: 0
  m_height: 272
  m_width: 216
  m_x: 2124
  m_y: -276
  m_minimumInputSocketsCount: 1
  m_minimumOutputSocketsCount: 1
  m_graphId: ceef30dd-e3ea-420c-bf7a-94be6b8e9ee1
  m_id: 8556aacd-69d1-49fa-b73d-c545fddd61f4
  m_name: MatchFriends
  m_onEnterShowViews:
  - Category: Matches
    InstantAction: 0
    Name: MatchFriends
  m_onEnterHideViews: []
  m_onExitShowViews: []
  m_onExitHideViews:
  - Category: Matches
    InstantAction: 0
    Name: MatchFriends
--- !u!114 &-1562522444748069296
MonoBehaviour:
  m_ObjectHideFlags: 0
  m_CorrespondingSourceObject: {fileID: 0}
  m_PrefabInstance: {fileID: 0}
  m_PrefabAsset: {fileID: 0}
  m_GameObject: {fileID: 0}
  m_Enabled: 1
  m_EditorHideFlags: 0
  m_Script: {fileID: 11500000, guid: 840a439e06374673a9115ed02deb5a54, type: 3}
  m_Name: UINode
  m_EditorClassIdentifier: 
  ErrorNodeNameIsEmpty: 0
  ErrorDuplicateNameFoundInGraph: 0
  m_inputSockets:
  - m_connectionMode: 1
    m_connections:
    - m_inputConnectionPoint: {x: 202, y: 4}
      m_outputConnectionPoint: {x: -2, y: 4}
      m_id: 59bfa98f-bdcc-4bda-a8f1-f4b32beb6783
      m_inputNodeId: 91b9b804-5fe3-4a9c-9b29-b45595430edd
      m_inputSocketId: fdb9c3ca-48ef-4955-b978-6279ae409dad
      m_outputNodeId: 06f4ae62-e7eb-4dc5-8712-dfed7af99582
      m_outputSocketId: e53deee2-335e-4111-9291-f8c1c738ec77
    - m_inputConnectionPoint: {x: 202, y: 4}
      m_outputConnectionPoint: {x: -2, y: 4}
      m_id: e3dafca5-e38b-4ca7-9b57-b2f6bb041d6d
      m_inputNodeId: 91b9b804-5fe3-4a9c-9b29-b45595430edd
      m_inputSocketId: fdb9c3ca-48ef-4955-b978-6279ae409dad
      m_outputNodeId: b779601c-58d9-4f54-b3c6-ec3e666d6d93
      m_outputSocketId: 08f93aa9-3c8b-452f-9843-e76c7fcc2e13
    - m_inputConnectionPoint: {x: 202, y: 4}
      m_outputConnectionPoint: {x: -2, y: 4}
      m_id: d24b3f13-c8d3-4409-b247-59d53c75a21a
      m_inputNodeId: 91b9b804-5fe3-4a9c-9b29-b45595430edd
      m_inputSocketId: fdb9c3ca-48ef-4955-b978-6279ae409dad
      m_outputNodeId: ff8115c3-6825-4619-92cd-52c19b904639
      m_outputSocketId: 0b907af8-28f3-4850-83d5-6866ac7a3fe2
    - m_inputConnectionPoint: {x: 202, y: 4}
      m_outputConnectionPoint: {x: -2, y: 4}
      m_id: bd8e7c1a-4755-42a6-b081-77c948256222
      m_inputNodeId: 91b9b804-5fe3-4a9c-9b29-b45595430edd
      m_inputSocketId: fdb9c3ca-48ef-4955-b978-6279ae409dad
      m_outputNodeId: 2e444e71-71a1-4c3d-bc04-c3fe9f83f001
      m_outputSocketId: c03c0eef-0b84-4e9a-96fe-013d5dcff299
    - m_inputConnectionPoint: {x: 202, y: 4}
      m_outputConnectionPoint: {x: -2, y: 4}
      m_id: 7488f264-feb1-41ce-966b-08194160f634
      m_inputNodeId: 91b9b804-5fe3-4a9c-9b29-b45595430edd
      m_inputSocketId: fdb9c3ca-48ef-4955-b978-6279ae409dad
      m_outputNodeId: 8556aacd-69d1-49fa-b73d-c545fddd61f4
      m_outputSocketId: 5833829b-2809-4ebd-adcf-4ce3956ad97e
    - m_inputConnectionPoint: {x: 202, y: 4}
      m_outputConnectionPoint: {x: -2, y: 4}
      m_id: 78bfd612-e4fd-46b9-b18b-ea46eec77495
      m_inputNodeId: 91b9b804-5fe3-4a9c-9b29-b45595430edd
      m_inputSocketId: fdb9c3ca-48ef-4955-b978-6279ae409dad
      m_outputNodeId: 2bfe8dad-5a27-487f-b26c-9ba5ee99a3ae
      m_outputSocketId: 9dfc4c9a-16cb-466d-8ed6-57533119adb4
    - m_inputConnectionPoint: {x: 202, y: 4}
      m_outputConnectionPoint: {x: -2, y: 4}
      m_id: b15501f1-71bd-4a72-aa55-12959cc9eb02
      m_inputNodeId: 91b9b804-5fe3-4a9c-9b29-b45595430edd
      m_inputSocketId: fdb9c3ca-48ef-4955-b978-6279ae409dad
      m_outputNodeId: 9c638c61-9b7d-4d46-8df8-b0d930d251eb
      m_outputSocketId: 0ffd61d0-f17f-4f3d-80b7-98439d4124b7
    - m_inputConnectionPoint: {x: 202, y: 4}
      m_outputConnectionPoint: {x: -2, y: 4}
      m_id: e3db2eab-2285-49fd-8706-abdb4cb9b846
      m_inputNodeId: 91b9b804-5fe3-4a9c-9b29-b45595430edd
      m_inputSocketId: fdb9c3ca-48ef-4955-b978-6279ae409dad
      m_outputNodeId: b779601c-58d9-4f54-b3c6-ec3e666d6d93
      m_outputSocketId: 346503fb-a2ac-4039-afcd-2321b4a0b2f6
    - m_inputConnectionPoint: {x: 202, y: 4}
      m_outputConnectionPoint: {x: -2, y: 4}
      m_id: dfa94056-40b6-424f-9e13-89cc53cbceed
      m_inputNodeId: 91b9b804-5fe3-4a9c-9b29-b45595430edd
      m_inputSocketId: fdb9c3ca-48ef-4955-b978-6279ae409dad
      m_outputNodeId: 06f4ae62-e7eb-4dc5-8712-dfed7af99582
      m_outputSocketId: ab9bef46-6cf6-4081-a993-7c575153a44e
    m_connectionPoints:
    - {x: -2, y: 4}
    - {x: 202, y: 4}
    m_direction: 0
    m_canBeDeleted: 0
    m_canBeReordered: 0
    m_curveModifier: 0
    m_height: 24
    m_width: 216
    m_x: 0
    m_y: 38
    m_id: fdb9c3ca-48ef-4955-b978-6279ae409dad
    m_nodeId: 91b9b804-5fe3-4a9c-9b29-b45595430edd
    m_socketName: InputSocket_0
    m_value: '{"ButtonCategory":"General","ButtonName":"Unnamed","GameEvent":"","TimeDelay":3.0,"Trigger":0}'
    m_valueTypeQualifiedName: Doozy.Engine.UI.Connections.UIConnection, Assembly-CSharp,
      Version=0.0.0.0, Culture=neutral, PublicKeyToken=null
  m_outputSockets:
  - m_connectionMode: 0
    m_connections:
    - m_inputConnectionPoint: {x: -2, y: 4}
      m_outputConnectionPoint: {x: 202, y: 4}
      m_id: 2830ab17-d4a8-4e2f-99c2-9246b42618e7
      m_inputNodeId: 06f4ae62-e7eb-4dc5-8712-dfed7af99582
      m_inputSocketId: 16524266-dd82-4194-a717-5e2e497214a1
      m_outputNodeId: 91b9b804-5fe3-4a9c-9b29-b45595430edd
      m_outputSocketId: 6c816228-f8ca-47d5-a59f-fc5f56db9dea
    m_connectionPoints:
    - {x: -2, y: 4}
    - {x: 202, y: 4}
    m_direction: 1
    m_canBeDeleted: 1
    m_canBeReordered: 1
    m_curveModifier: 0
    m_height: 24
    m_width: 216
    m_x: 0
    m_y: 62
    m_id: 6c816228-f8ca-47d5-a59f-fc5f56db9dea
    m_nodeId: 91b9b804-5fe3-4a9c-9b29-b45595430edd
    m_socketName: OutputSocket_0
    m_value: '{"ButtonCategory":"UserScreen","ButtonName":"Social","GameEvent":"","TimeDelay":3.0,"Trigger":0}'
    m_valueTypeQualifiedName: Doozy.Engine.UI.Connections.UIConnection, Assembly-CSharp,
      Version=0.0.0.0, Culture=neutral, PublicKeyToken=null
  - m_connectionMode: 0
    m_connections:
    - m_inputConnectionPoint: {x: -2, y: 4}
      m_outputConnectionPoint: {x: 202, y: 4}
      m_id: 767e3a47-ca27-4648-96d5-6f8590fbc00f
      m_inputNodeId: b779601c-58d9-4f54-b3c6-ec3e666d6d93
      m_inputSocketId: f4d1259a-ada3-4eb0-9f3e-358f468dac59
      m_outputNodeId: 91b9b804-5fe3-4a9c-9b29-b45595430edd
      m_outputSocketId: 23f7a298-a4db-4e19-b2e9-c2c666006932
    m_connectionPoints:
    - {x: -2, y: 4}
    - {x: 202, y: 4}
    m_direction: 1
    m_canBeDeleted: 1
    m_canBeReordered: 1
    m_curveModifier: 0
    m_height: 24
    m_width: 216
    m_x: 0
    m_y: 86
    m_id: 23f7a298-a4db-4e19-b2e9-c2c666006932
    m_nodeId: 91b9b804-5fe3-4a9c-9b29-b45595430edd
    m_socketName: OutputSocket_1
    m_value: '{"ButtonCategory":"UserScreen","ButtonName":"Account","GameEvent":"","TimeDelay":3.0,"Trigger":0}'
    m_valueTypeQualifiedName: Doozy.Engine.UI.Connections.UIConnection, Assembly-CSharp,
      Version=0.0.0.0, Culture=neutral, PublicKeyToken=null
  - m_connectionMode: 0
    m_connections:
    - m_inputConnectionPoint: {x: -2, y: 4}
      m_outputConnectionPoint: {x: 202, y: 4}
      m_id: a45f103c-f034-4b31-97d7-f619006d7ba2
      m_inputNodeId: 2e444e71-71a1-4c3d-bc04-c3fe9f83f001
      m_inputSocketId: 95002295-8075-45f8-9613-de273ad3adbd
      m_outputNodeId: 91b9b804-5fe3-4a9c-9b29-b45595430edd
      m_outputSocketId: ff2e60c9-c2d5-4fe6-b547-cecac9eb228b
    m_connectionPoints:
    - {x: -2, y: 4}
    - {x: 202, y: 4}
    m_direction: 1
    m_canBeDeleted: 1
    m_canBeReordered: 1
    m_curveModifier: 0
    m_height: 24
    m_width: 216
    m_x: 0
    m_y: 110
    m_id: ff2e60c9-c2d5-4fe6-b547-cecac9eb228b
    m_nodeId: 91b9b804-5fe3-4a9c-9b29-b45595430edd
    m_socketName: OutputSocket_2
    m_value: '{"ButtonCategory":"MainMenu","ButtonName":"Match","GameEvent":"","TimeDelay":3.0,"Trigger":0}'
    m_valueTypeQualifiedName: Doozy.Engine.UI.Connections.UIConnection, Assembly-CSharp,
      Version=0.0.0.0, Culture=neutral, PublicKeyToken=null
  - m_connectionMode: 0
    m_connections:
    - m_inputConnectionPoint: {x: -2, y: 4}
      m_outputConnectionPoint: {x: 202, y: 4}
      m_id: 276c8463-0b16-49e1-a736-309a7136eab2
      m_inputNodeId: b779601c-58d9-4f54-b3c6-ec3e666d6d93
      m_inputSocketId: f4d1259a-ada3-4eb0-9f3e-358f468dac59
      m_outputNodeId: 91b9b804-5fe3-4a9c-9b29-b45595430edd
      m_outputSocketId: 9beec54e-58da-4d72-9db1-9fbf321f5879
    m_connectionPoints:
    - {x: -2, y: 4}
    - {x: 202, y: 4}
    m_direction: 1
    m_canBeDeleted: 1
    m_canBeReordered: 1
    m_curveModifier: 0
    m_height: 24
    m_width: 216
    m_x: 0
    m_y: 134
    m_id: 9beec54e-58da-4d72-9db1-9fbf321f5879
    m_nodeId: 91b9b804-5fe3-4a9c-9b29-b45595430edd
    m_socketName: OutputSocket_3
    m_value: '{"ButtonCategory":"MainMenu","ButtonName":"User","GameEvent":"","TimeDelay":3.0,"Trigger":0}'
    m_valueTypeQualifiedName: Doozy.Engine.UI.Connections.UIConnection, Assembly-CSharp,
      Version=0.0.0.0, Culture=neutral, PublicKeyToken=null
  m_nodeType: 4
  m_allowDuplicateNodeName: 0
  m_allowEmptyNodeName: 0
  m_canBeDeleted: 1
  m_debugMode: 0
  m_useFixedUpdate: 0
  m_useLateUpdate: 0
  m_useUpdate: 0
  m_height: 200
  m_width: 216
  m_x: 816
  m_y: 48
  m_minimumInputSocketsCount: 1
  m_minimumOutputSocketsCount: 1
  m_graphId: ceef30dd-e3ea-420c-bf7a-94be6b8e9ee1
  m_id: 91b9b804-5fe3-4a9c-9b29-b45595430edd
  m_name: PerfomanceTab
  m_onEnterShowViews:
  - Category: MainMenu
    InstantAction: 0
    Name: UserPanel
  - Category: User
    InstantAction: 0
    Name: Perfomance
  m_onEnterHideViews:
  - Category: MainMenu
    InstantAction: 0
    Name: MatchScreen
  - Category: User
    InstantAction: 0
    Name: Account
  - Category: User
    InstantAction: 0
    Name: Social
  m_onExitShowViews: []
  m_onExitHideViews:
  - Category: User
    InstantAction: 0
    Name: Perfomance
--- !u!114 &-762044547511854202
MonoBehaviour:
  m_ObjectHideFlags: 0
  m_CorrespondingSourceObject: {fileID: 0}
  m_PrefabInstance: {fileID: 0}
  m_PrefabAsset: {fileID: 0}
  m_GameObject: {fileID: 0}
  m_Enabled: 1
  m_EditorHideFlags: 0
  m_Script: {fileID: 11500000, guid: d57ed238b12b4e09aba0c83117a55de7, type: 3}
  m_Name: StartNode
  m_EditorClassIdentifier: 
  ErrorNodeNameIsEmpty: 0
  ErrorDuplicateNameFoundInGraph: 0
  m_inputSockets: []
  m_outputSockets:
  - m_connectionMode: 0
    m_connections:
    - m_inputConnectionPoint: {x: -2, y: 4}
      m_outputConnectionPoint: {x: 106, y: 4}
      m_id: 9c405510-5bb2-420b-ace9-fa33ba0bc374
      m_inputNodeId: 9c638c61-9b7d-4d46-8df8-b0d930d251eb
      m_inputSocketId: f689ee2d-8c8b-4cb2-b8bf-7301654e4336
      m_outputNodeId: 056366d5-51db-4989-8ebb-8bf2a1586d2c
      m_outputSocketId: 56cff1ad-dd78-457e-bd86-404b6e770d67
    m_connectionPoints:
    - {x: -2, y: 4}
    - {x: 106, y: 4}
    m_direction: 1
    m_canBeDeleted: 0
    m_canBeReordered: 0
    m_curveModifier: 0
    m_height: 24
    m_width: 120
    m_x: 0
    m_y: 38
    m_id: 56cff1ad-dd78-457e-bd86-404b6e770d67
    m_nodeId: 056366d5-51db-4989-8ebb-8bf2a1586d2c
    m_socketName: OutputSocket_0
    m_value: '{"ButtonCategory":"General","ButtonName":"Unnamed","GameEvent":"","TimeDelay":3.0,"Trigger":0}'
    m_valueTypeQualifiedName: Doozy.Engine.UI.Connections.UIConnection, Assembly-CSharp,
      Version=0.0.0.0, Culture=neutral, PublicKeyToken=null
  m_nodeType: 0
  m_allowDuplicateNodeName: 0
  m_allowEmptyNodeName: 0
  m_canBeDeleted: 0
  m_debugMode: 0
  m_useFixedUpdate: 0
  m_useLateUpdate: 0
  m_useUpdate: 0
  m_height: 80
  m_width: 120
  m_x: 780
  m_y: -252
  m_minimumInputSocketsCount: 1
  m_minimumOutputSocketsCount: 1
  m_graphId: ceef30dd-e3ea-420c-bf7a-94be6b8e9ee1
  m_id: 056366d5-51db-4989-8ebb-8bf2a1586d2c
  m_name: Start
  ErrorNodeIsNotConnected: 0
--- !u!114 &11400000
MonoBehaviour:
  m_ObjectHideFlags: 0
  m_CorrespondingSourceObject: {fileID: 0}
  m_PrefabInstance: {fileID: 0}
  m_PrefabAsset: {fileID: 0}
  m_GameObject: {fileID: 0}
  m_Enabled: 1
  m_EditorHideFlags: 0
  m_Script: {fileID: 11500000, guid: e021c5c27274514469ad2992883d55db, type: 3}
  m_Name: Graph_MainMenu
  m_EditorClassIdentifier: 
  DebugMode: 0
  m_nodes:
  - {fileID: -762044547511854202}
  - {fileID: 1607330387938329222}
  - {fileID: -4620125481328317654}
  - {fileID: 6734652674955773362}
  - {fileID: 5765324143390579876}
  - {fileID: -2017642554453074644}
  - {fileID: -2116098652574270919}
  - {fileID: -6982374332811237594}
  - {fileID: -1562522444748069296}
  - {fileID: -4255017832717570141}
  - {fileID: 692906760448320524}
  - {fileID: -4457693436902620219}
  - {fileID: 5252283565285812031}
  m_isSubGraph: 0
  m_version: 1
  m_description: 
  m_id: ceef30dd-e3ea-420c-bf7a-94be6b8e9ee1
  m_lastModified: 132278511949742896
--- !u!114 &692906760448320524
MonoBehaviour:
  m_ObjectHideFlags: 0
  m_CorrespondingSourceObject: {fileID: 0}
  m_PrefabInstance: {fileID: 0}
  m_PrefabAsset: {fileID: 0}
  m_GameObject: {fileID: 0}
  m_Enabled: 1
  m_EditorHideFlags: 0
  m_Script: {fileID: 11500000, guid: 840a439e06374673a9115ed02deb5a54, type: 3}
  m_Name: UINode
  m_EditorClassIdentifier: 
  ErrorNodeNameIsEmpty: 0
  ErrorDuplicateNameFoundInGraph: 0
  m_inputSockets:
  - m_connectionMode: 1
    m_connections:
    - m_inputConnectionPoint: {x: 202, y: 4}
      m_outputConnectionPoint: {x: -2, y: 4}
      m_id: 3c2f3044-68bd-4ffa-a475-0cdad8f1feb6
      m_inputNodeId: 1227a597-9b49-4de1-b910-874427e8c7f6
      m_inputSocketId: 16896e9b-946d-4777-9e6b-cc6e1b6b8348
      m_outputNodeId: 8556aacd-69d1-49fa-b73d-c545fddd61f4
      m_outputSocketId: 6f94f65d-ff3f-4755-a938-f08193cb62e9
    - m_inputConnectionPoint: {x: 202, y: 4}
      m_outputConnectionPoint: {x: -2, y: 4}
      m_id: 1730a2ad-1174-4004-88ca-246b95b0413f
      m_inputNodeId: 1227a597-9b49-4de1-b910-874427e8c7f6
      m_inputSocketId: 16896e9b-946d-4777-9e6b-cc6e1b6b8348
      m_outputNodeId: 2bfe8dad-5a27-487f-b26c-9ba5ee99a3ae
      m_outputSocketId: bf588293-f00b-4e84-9426-ae123175d103
    - m_inputConnectionPoint: {x: 202, y: 4}
      m_outputConnectionPoint: {x: 202, y: 4}
      m_id: e3d86dfb-3c96-440c-888e-0626708642c1
      m_inputNodeId: 1227a597-9b49-4de1-b910-874427e8c7f6
      m_inputSocketId: 16896e9b-946d-4777-9e6b-cc6e1b6b8348
      m_outputNodeId: 2e444e71-71a1-4c3d-bc04-c3fe9f83f001
      m_outputSocketId: ec3e076d-d607-49d2-937e-cc6a9acbd0aa
    - m_inputConnectionPoint: {x: 202, y: 4}
      m_outputConnectionPoint: {x: -2, y: 4}
      m_id: 941468f7-a2f9-4c75-8508-4ae269a0e8eb
      m_inputNodeId: 1227a597-9b49-4de1-b910-874427e8c7f6
      m_inputSocketId: 16896e9b-946d-4777-9e6b-cc6e1b6b8348
      m_outputNodeId: ff8115c3-6825-4619-92cd-52c19b904639
      m_outputSocketId: d57fdafc-f17c-4e3f-adeb-5edc3a880eb8
    - m_inputConnectionPoint: {x: -2, y: 4}
      m_outputConnectionPoint: {x: 202, y: 4}
      m_id: b1a144b1-96ba-45d1-b4b4-bb4cb437695f
      m_inputNodeId: 1227a597-9b49-4de1-b910-874427e8c7f6
      m_inputSocketId: 16896e9b-946d-4777-9e6b-cc6e1b6b8348
      m_outputNodeId: 9c638c61-9b7d-4d46-8df8-b0d930d251eb
      m_outputSocketId: 6d85001c-1c09-4b1b-8e07-23cc83c661e9
    m_connectionPoints:
    - {x: -2, y: 4}
    - {x: 202, y: 4}
    m_direction: 0
    m_canBeDeleted: 0
    m_canBeReordered: 0
    m_curveModifier: 0
    m_height: 24
    m_width: 216
    m_x: 0
    m_y: 38
    m_id: 16896e9b-946d-4777-9e6b-cc6e1b6b8348
    m_nodeId: 1227a597-9b49-4de1-b910-874427e8c7f6
    m_socketName: InputSocket_0
    m_value: '{"ButtonCategory":"General","ButtonName":"Unnamed","GameEvent":"","TimeDelay":3.0,"Trigger":0}'
    m_valueTypeQualifiedName: Doozy.Engine.UI.Connections.UIConnection, Assembly-CSharp,
      Version=0.0.0.0, Culture=neutral, PublicKeyToken=null
  m_outputSockets:
  - m_connectionMode: 0
    m_connections:
    - m_inputConnectionPoint: {x: 202, y: 4}
      m_outputConnectionPoint: {x: 202, y: 4}
      m_id: 53e6a0b0-867c-4762-b6ac-c1f1c6ec9590
      m_inputNodeId: 85fed9d7-f693-488d-b10b-671c6fcafee0
      m_inputSocketId: 86666fbc-edcf-4b1f-ae30-ab8546d0c05d
      m_outputNodeId: 1227a597-9b49-4de1-b910-874427e8c7f6
      m_outputSocketId: 0c097b46-a319-4344-81d4-8300ce8af966
    m_connectionPoints:
    - {x: -2, y: 4}
    - {x: 202, y: 4}
    m_direction: 1
    m_canBeDeleted: 1
    m_canBeReordered: 1
    m_curveModifier: 0
    m_height: 24
    m_width: 216
    m_x: 0
    m_y: 62
    m_id: 0c097b46-a319-4344-81d4-8300ce8af966
    m_nodeId: 1227a597-9b49-4de1-b910-874427e8c7f6
    m_socketName: OutputSocket_1
    m_value: '{"ButtonCategory":"General","ButtonName":"Unnamed","GameEvent":"","TimeDelay":1.0,"Trigger":4}'
    m_valueTypeQualifiedName: Doozy.Engine.UI.Connections.UIConnection, Assembly-CSharp,
      Version=0.0.0.0, Culture=neutral, PublicKeyToken=null
  m_nodeType: 4
  m_allowDuplicateNodeName: 0
  m_allowEmptyNodeName: 0
  m_canBeDeleted: 1
  m_debugMode: 0
  m_useFixedUpdate: 0
  m_useLateUpdate: 0
  m_useUpdate: 1
  m_height: 128
  m_width: 216
  m_x: 1716
  m_y: 96
  m_minimumInputSocketsCount: 1
  m_minimumOutputSocketsCount: 1
  m_graphId: ceef30dd-e3ea-420c-bf7a-94be6b8e9ee1
  m_id: 1227a597-9b49-4de1-b910-874427e8c7f6
  m_name: Play
  m_onEnterShowViews: []
  m_onEnterHideViews:
  - Category: MainMenu
    InstantAction: 0
    Name: MatchScreen
  - Category: MainMenu
    InstantAction: 0
    Name: UI
  m_onExitShowViews: []
  m_onExitHideViews: []
--- !u!114 &1607330387938329222
MonoBehaviour:
  m_ObjectHideFlags: 0
  m_CorrespondingSourceObject: {fileID: 0}
  m_PrefabInstance: {fileID: 0}
  m_PrefabAsset: {fileID: 0}
  m_GameObject: {fileID: 0}
  m_Enabled: 1
  m_EditorHideFlags: 0
  m_Script: {fileID: 11500000, guid: 840a439e06374673a9115ed02deb5a54, type: 3}
  m_Name: UINode
  m_EditorClassIdentifier: 
  ErrorNodeNameIsEmpty: 0
  ErrorDuplicateNameFoundInGraph: 0
  m_inputSockets:
  - m_connectionMode: 1
    m_connections:
    - m_inputConnectionPoint: {x: -2, y: 4}
      m_outputConnectionPoint: {x: 106, y: 4}
      m_id: 9c405510-5bb2-420b-ace9-fa33ba0bc374
      m_inputNodeId: 9c638c61-9b7d-4d46-8df8-b0d930d251eb
      m_inputSocketId: f689ee2d-8c8b-4cb2-b8bf-7301654e4336
      m_outputNodeId: 056366d5-51db-4989-8ebb-8bf2a1586d2c
      m_outputSocketId: 56cff1ad-dd78-457e-bd86-404b6e770d67
    m_connectionPoints:
    - {x: -2, y: 4}
    - {x: 202, y: 4}
    m_direction: 0
    m_canBeDeleted: 0
    m_canBeReordered: 0
    m_curveModifier: 0
    m_height: 24
    m_width: 216
    m_x: 0
    m_y: 38
    m_id: f689ee2d-8c8b-4cb2-b8bf-7301654e4336
    m_nodeId: 9c638c61-9b7d-4d46-8df8-b0d930d251eb
    m_socketName: InputSocket_0
    m_value: '{"ButtonCategory":"General","ButtonName":"Unnamed","GameEvent":"","TimeDelay":3.0,"Trigger":0}'
    m_valueTypeQualifiedName: Doozy.Engine.UI.Connections.UIConnection, Assembly-CSharp,
      Version=0.0.0.0, Culture=neutral, PublicKeyToken=null
  m_outputSockets:
  - m_connectionMode: 0
    m_connections:
    - m_inputConnectionPoint: {x: -2, y: 4}
      m_outputConnectionPoint: {x: 202, y: 4}
      m_id: 8872146f-5e8c-4613-932e-9744a2713239
      m_inputNodeId: 2e444e71-71a1-4c3d-bc04-c3fe9f83f001
      m_inputSocketId: 95002295-8075-45f8-9613-de273ad3adbd
      m_outputNodeId: 9c638c61-9b7d-4d46-8df8-b0d930d251eb
      m_outputSocketId: f75f6130-1f4e-4387-aa60-603ddaacf8c5
    m_connectionPoints:
    - {x: -2, y: 4}
    - {x: 202, y: 4}
    m_direction: 1
    m_canBeDeleted: 1
    m_canBeReordered: 1
    m_curveModifier: 0
    m_height: 24
    m_width: 216
    m_x: 0
    m_y: 62
    m_id: f75f6130-1f4e-4387-aa60-603ddaacf8c5
    m_nodeId: 9c638c61-9b7d-4d46-8df8-b0d930d251eb
    m_socketName: OutputSocket_0
    m_value: '{"ButtonCategory":"MainMenu","ButtonName":"Match","GameEvent":"","TimeDelay":3.0,"Trigger":0}'
    m_valueTypeQualifiedName: Doozy.Engine.UI.Connections.UIConnection, Assembly-CSharp,
      Version=0.0.0.0, Culture=neutral, PublicKeyToken=null
  - m_connectionMode: 0
    m_connections:
    - m_inputConnectionPoint: {x: -2, y: 4}
      m_outputConnectionPoint: {x: 202, y: 4}
      m_id: c7d4f247-9adf-466e-b73b-6a4f17f9f461
      m_inputNodeId: 2e444e71-71a1-4c3d-bc04-c3fe9f83f001
      m_inputSocketId: 95002295-8075-45f8-9613-de273ad3adbd
      m_outputNodeId: 9c638c61-9b7d-4d46-8df8-b0d930d251eb
      m_outputSocketId: 221c6d06-babc-4092-a39a-e69fe7346244
    m_connectionPoints:
    - {x: -2, y: 4}
    - {x: 202, y: 4}
    m_direction: 1
    m_canBeDeleted: 1
    m_canBeReordered: 1
    m_curveModifier: 0
    m_height: 24
    m_width: 216
    m_x: 0
    m_y: 86
    m_id: 221c6d06-babc-4092-a39a-e69fe7346244
    m_nodeId: 9c638c61-9b7d-4d46-8df8-b0d930d251eb
    m_socketName: OutputSocket_1
    m_value: '{"ButtonCategory":"MainMenu","ButtonName":"Practice","GameEvent":"","TimeDelay":3.0,"Trigger":0}'
    m_valueTypeQualifiedName: Doozy.Engine.UI.Connections.UIConnection, Assembly-CSharp,
      Version=0.0.0.0, Culture=neutral, PublicKeyToken=null
  - m_connectionMode: 0
    m_connections:
    - m_inputConnectionPoint: {x: -2, y: 4}
      m_outputConnectionPoint: {x: 202, y: 4}
      m_id: 7dab741a-259a-4553-949a-03347caf77f3
      m_inputNodeId: b779601c-58d9-4f54-b3c6-ec3e666d6d93
      m_inputSocketId: f4d1259a-ada3-4eb0-9f3e-358f468dac59
      m_outputNodeId: 9c638c61-9b7d-4d46-8df8-b0d930d251eb
      m_outputSocketId: b821aa5f-a39d-4b8d-8435-a5a40e2ebf7d
    m_connectionPoints:
    - {x: -2, y: 4}
    - {x: 202, y: 4}
    m_direction: 1
    m_canBeDeleted: 1
    m_canBeReordered: 1
    m_curveModifier: 0
    m_height: 24
    m_width: 216
    m_x: 0
    m_y: 110
    m_id: b821aa5f-a39d-4b8d-8435-a5a40e2ebf7d
    m_nodeId: 9c638c61-9b7d-4d46-8df8-b0d930d251eb
    m_socketName: OutputSocket_2
    m_value: '{"ButtonCategory":"MainMenu","ButtonName":"User","GameEvent":"","TimeDelay":3.0,"Trigger":0}'
    m_valueTypeQualifiedName: Doozy.Engine.UI.Connections.UIConnection, Assembly-CSharp,
      Version=0.0.0.0, Culture=neutral, PublicKeyToken=null
  - m_connectionMode: 0
    m_connections:
    - m_inputConnectionPoint: {x: 202, y: 4}
      m_outputConnectionPoint: {x: -2, y: 4}
      m_id: b15501f1-71bd-4a72-aa55-12959cc9eb02
      m_inputNodeId: 91b9b804-5fe3-4a9c-9b29-b45595430edd
      m_inputSocketId: fdb9c3ca-48ef-4955-b978-6279ae409dad
      m_outputNodeId: 9c638c61-9b7d-4d46-8df8-b0d930d251eb
      m_outputSocketId: 0ffd61d0-f17f-4f3d-80b7-98439d4124b7
    m_connectionPoints:
    - {x: -2, y: 4}
    - {x: 202, y: 4}
    m_direction: 1
    m_canBeDeleted: 1
    m_canBeReordered: 1
    m_curveModifier: 0
    m_height: 24
    m_width: 216
    m_x: 0
    m_y: 134
    m_id: 0ffd61d0-f17f-4f3d-80b7-98439d4124b7
    m_nodeId: 9c638c61-9b7d-4d46-8df8-b0d930d251eb
    m_socketName: OutputSocket_3
    m_value: '{"ButtonCategory":"MainMenu","ButtonName":"Ranking","GameEvent":"","TimeDelay":3.0,"Trigger":0}'
    m_valueTypeQualifiedName: Doozy.Engine.UI.Connections.UIConnection, Assembly-CSharp,
      Version=0.0.0.0, Culture=neutral, PublicKeyToken=null
  - m_connectionMode: 0
    m_connections:
    - m_inputConnectionPoint: {x: -2, y: 4}
      m_outputConnectionPoint: {x: 202, y: 4}
      m_id: b1a144b1-96ba-45d1-b4b4-bb4cb437695f
      m_inputNodeId: 1227a597-9b49-4de1-b910-874427e8c7f6
      m_inputSocketId: 16896e9b-946d-4777-9e6b-cc6e1b6b8348
      m_outputNodeId: 9c638c61-9b7d-4d46-8df8-b0d930d251eb
      m_outputSocketId: 6d85001c-1c09-4b1b-8e07-23cc83c661e9
    m_connectionPoints:
    - {x: -2, y: 4}
    - {x: 202, y: 4}
    m_direction: 1
    m_canBeDeleted: 1
    m_canBeReordered: 1
    m_curveModifier: 0
    m_height: 24
    m_width: 216
    m_x: 0
    m_y: 158
    m_id: 6d85001c-1c09-4b1b-8e07-23cc83c661e9
    m_nodeId: 9c638c61-9b7d-4d46-8df8-b0d930d251eb
    m_socketName: OutputSocket_4
    m_value: '{"ButtonCategory":"Matches","ButtonName":"PlayButton","GameEvent":"","TimeDelay":3.0,"Trigger":0}'
    m_valueTypeQualifiedName: Doozy.Engine.UI.Connections.UIConnection, Assembly-CSharp,
      Version=0.0.0.0, Culture=neutral, PublicKeyToken=null
  m_nodeType: 4
  m_allowDuplicateNodeName: 0
  m_allowEmptyNodeName: 0
  m_canBeDeleted: 1
  m_debugMode: 0
  m_useFixedUpdate: 0
  m_useLateUpdate: 0
  m_useUpdate: 0
  m_height: 224
  m_width: 216
  m_x: 1116
  m_y: -252
  m_minimumInputSocketsCount: 1
  m_minimumOutputSocketsCount: 1
  m_graphId: ceef30dd-e3ea-420c-bf7a-94be6b8e9ee1
  m_id: 9c638c61-9b7d-4d46-8df8-b0d930d251eb
  m_name: MainMenu
  m_onEnterShowViews:
  - Category: MainMenu
    InstantAction: 0
    Name: MainScreen
  - Category: MainMenu
    InstantAction: 0
    Name: MainScreen
  - Category: MainMenu
    InstantAction: 0
    Name: MatchScreen
  - Category: MainMenu
    InstantAction: 0
    Name: UI
  m_onEnterHideViews: []
  m_onExitShowViews: []
  m_onExitHideViews:
  - Category: MainMenu
    InstantAction: 0
    Name: MainScreen
--- !u!114 &5252283565285812031
MonoBehaviour:
  m_ObjectHideFlags: 1
  m_CorrespondingSourceObject: {fileID: 0}
  m_PrefabInstance: {fileID: 0}
  m_PrefabAsset: {fileID: 0}
  m_GameObject: {fileID: 0}
  m_Enabled: 1
  m_EditorHideFlags: 0
  m_Script: {fileID: 11500000, guid: 840a439e06374673a9115ed02deb5a54, type: 3}
  m_Name: UINode
  m_EditorClassIdentifier: 
  ErrorNodeNameIsEmpty: 0
  ErrorDuplicateNameFoundInGraph: 0
  m_inputSockets:
  - m_connectionMode: 1
    m_connections:
    - m_inputConnectionPoint: {x: 202, y: 4}
      m_outputConnectionPoint: {x: 202, y: 4}
      m_id: ee0e979d-a3b6-496d-8f8b-5324930ae2b5
      m_inputNodeId: 8b8326f4-d67e-4838-b93c-87b73e15841b
      m_inputSocketId: ef833916-c976-4d56-82fc-b56ad02e2d23
      m_outputNodeId: 85fed9d7-f693-488d-b10b-671c6fcafee0
      m_outputSocketId: 141c788b-b8b0-47bf-a340-2dc506b97e38
    m_connectionPoints:
    - {x: -2, y: 4}
    - {x: 202, y: 4}
    m_direction: 0
    m_canBeDeleted: 0
    m_canBeReordered: 0
    m_curveModifier: 0
    m_height: 24
    m_width: 216
    m_x: 0
    m_y: 38
    m_id: ef833916-c976-4d56-82fc-b56ad02e2d23
    m_nodeId: 8b8326f4-d67e-4838-b93c-87b73e15841b
    m_socketName: InputSocket_0
    m_value: '{"ButtonCategory":"General","ButtonName":"Unnamed","GameEvent":"","TimeDelay":3.0,"Trigger":0}'
    m_valueTypeQualifiedName: Doozy.Engine.UI.Connections.UIConnection, Assembly-CSharp,
      Version=0.0.0.0, Culture=neutral, PublicKeyToken=null
  m_outputSockets:
  - m_connectionMode: 0
    m_connections:
    - m_inputConnectionPoint: {x: -2, y: 4}
      m_outputConnectionPoint: {x: 202, y: 4}
      m_id: ffa3380c-0d30-47da-bcd3-59961360f9de
      m_inputNodeId: 216a15e5-7602-45df-a98a-ae23d2407556
      m_inputSocketId: 2fc559f0-0d62-4c84-9d80-59f98d65e316
      m_outputNodeId: 8b8326f4-d67e-4838-b93c-87b73e15841b
      m_outputSocketId: 74a5bc4d-c756-4e51-9cc6-5eff7cabcd0b
    m_connectionPoints:
    - {x: -2, y: 4}
    - {x: 202, y: 4}
    m_direction: 1
    m_canBeDeleted: 1
    m_canBeReordered: 1
    m_curveModifier: 0
    m_height: 24
    m_width: 216
    m_x: 0
    m_y: 62
    m_id: 74a5bc4d-c756-4e51-9cc6-5eff7cabcd0b
    m_nodeId: 8b8326f4-d67e-4838-b93c-87b73e15841b
    m_socketName: OutputSocket_0
    m_value: '{"ButtonCategory":"General","ButtonName":"Back","GameEvent":"","TimeDelay":3.0,"Trigger":4}'
    m_valueTypeQualifiedName: Doozy.Engine.UI.Connections.UIConnection, Assembly-CSharp,
      Version=0.0.0.0, Culture=neutral, PublicKeyToken=null
  m_nodeType: 4
  m_allowDuplicateNodeName: 0
  m_allowEmptyNodeName: 0
  m_canBeDeleted: 1
  m_debugMode: 0
  m_useFixedUpdate: 0
  m_useLateUpdate: 0
  m_useUpdate: 1
  m_height: 128
  m_width: 216
  m_x: 1716
  m_y: 396
  m_minimumInputSocketsCount: 1
  m_minimumOutputSocketsCount: 1
  m_graphId: ceef30dd-e3ea-420c-bf7a-94be6b8e9ee1
  m_id: 8b8326f4-d67e-4838-b93c-87b73e15841b
  m_name: Load Screen
  m_onEnterShowViews:
  - Category: TransitionScreen
    InstantAction: 0
    Name: LoadGame
  m_onEnterHideViews:
  - Category: Matches
    InstantAction: 0
    Name: ThemeSelection
  m_onExitShowViews: []
  m_onExitHideViews: []
--- !u!114 &5765324143390579876
MonoBehaviour:
  m_ObjectHideFlags: 0
  m_CorrespondingSourceObject: {fileID: 0}
  m_PrefabInstance: {fileID: 0}
  m_PrefabAsset: {fileID: 0}
  m_GameObject: {fileID: 0}
  m_Enabled: 1
  m_EditorHideFlags: 0
  m_Script: {fileID: 11500000, guid: ea82279f292f4f6ebe47212017fa5f89, type: 3}
  m_Name: LoadSceneNode
  m_EditorClassIdentifier: 
  ErrorNodeNameIsEmpty: 0
  ErrorDuplicateNameFoundInGraph: 0
  m_inputSockets:
  - m_connectionMode: 1
    m_connections:
    - m_inputConnectionPoint: {x: 202, y: 4}
      m_outputConnectionPoint: {x: 202, y: 4}
      m_id: a73192c7-26b1-4c16-9caa-bd3d5fbf11fa
      m_inputNodeId: 216a15e5-7602-45df-a98a-ae23d2407556
      m_inputSocketId: 2fc559f0-0d62-4c84-9d80-59f98d65e316
      m_outputNodeId: ff8115c3-6825-4619-92cd-52c19b904639
      m_outputSocketId: d57fdafc-f17c-4e3f-adeb-5edc3a880eb8
    - m_inputConnectionPoint: {x: -2, y: 4}
      m_outputConnectionPoint: {x: 202, y: 4}
      m_id: c93b49cb-10ee-48ff-b67e-5d2fae0ea6e5
      m_inputNodeId: 216a15e5-7602-45df-a98a-ae23d2407556
      m_inputSocketId: 2fc559f0-0d62-4c84-9d80-59f98d65e316
      m_outputNodeId: 8556aacd-69d1-49fa-b73d-c545fddd61f4
      m_outputSocketId: 6f94f65d-ff3f-4755-a938-f08193cb62e9
    - m_inputConnectionPoint: {x: -2, y: 4}
      m_outputConnectionPoint: {x: 202, y: 4}
      m_id: 8852ab9c-83f7-4f76-9c94-2647a0502600
      m_inputNodeId: 216a15e5-7602-45df-a98a-ae23d2407556
      m_inputSocketId: 2fc559f0-0d62-4c84-9d80-59f98d65e316
      m_outputNodeId: 2e444e71-71a1-4c3d-bc04-c3fe9f83f001
      m_outputSocketId: ec3e076d-d607-49d2-937e-cc6a9acbd0aa
    - m_inputConnectionPoint: {x: 202, y: 4}
      m_outputConnectionPoint: {x: -2, y: 4}
      m_id: 135a3d58-1e33-4068-a40b-e6a7c9f31ca2
      m_inputNodeId: 216a15e5-7602-45df-a98a-ae23d2407556
      m_inputSocketId: 2fc559f0-0d62-4c84-9d80-59f98d65e316
      m_outputNodeId: 2bfe8dad-5a27-487f-b26c-9ba5ee99a3ae
      m_outputSocketId: bf588293-f00b-4e84-9426-ae123175d103
    - m_inputConnectionPoint: {x: 202, y: 4}
      m_outputConnectionPoint: {x: 202, y: 4}
      m_id: 833646bc-e496-4f57-93af-53ab5b68d9fe
      m_inputNodeId: 216a15e5-7602-45df-a98a-ae23d2407556
      m_inputSocketId: 2fc559f0-0d62-4c84-9d80-59f98d65e316
      m_outputNodeId: 8556aacd-69d1-49fa-b73d-c545fddd61f4
      m_outputSocketId: 6f94f65d-ff3f-4755-a938-f08193cb62e9
    - m_inputConnectionPoint: {x: -2, y: 4}
      m_outputConnectionPoint: {x: 202, y: 4}
      m_id: ffa3380c-0d30-47da-bcd3-59961360f9de
      m_inputNodeId: 216a15e5-7602-45df-a98a-ae23d2407556
      m_inputSocketId: 2fc559f0-0d62-4c84-9d80-59f98d65e316
      m_outputNodeId: 8b8326f4-d67e-4838-b93c-87b73e15841b
      m_outputSocketId: 74a5bc4d-c756-4e51-9cc6-5eff7cabcd0b
    m_connectionPoints:
    - {x: -2, y: 4}
    - {x: 202, y: 4}
    m_direction: 0
    m_canBeDeleted: 0
    m_canBeReordered: 0
    m_curveModifier: 0
    m_height: 24
    m_width: 216
    m_x: 0
    m_y: 38
    m_id: 2fc559f0-0d62-4c84-9d80-59f98d65e316
    m_nodeId: 216a15e5-7602-45df-a98a-ae23d2407556
    m_socketName: InputSocket_0
    m_value: '{}'
    m_valueTypeQualifiedName: Doozy.Engine.Nody.Connections.PassthroughConnection,
      Assembly-CSharp, Version=0.0.0.0, Culture=neutral, PublicKeyToken=null
  m_outputSockets:
  - m_connectionMode: 0
    m_connections: []
    m_connectionPoints:
    - {x: -2, y: 4}
    - {x: 202, y: 4}
    m_direction: 1
    m_canBeDeleted: 0
    m_canBeReordered: 0
    m_curveModifier: 0
    m_height: 24
    m_width: 216
    m_x: 0
    m_y: 62
    m_id: 3f5f64bf-1f29-4cfd-92ff-7cf859c196d3
    m_nodeId: 216a15e5-7602-45df-a98a-ae23d2407556
    m_socketName: OutputSocket_0
    m_value: '{}'
    m_valueTypeQualifiedName: Doozy.Engine.Nody.Connections.PassthroughConnection,
      Assembly-CSharp, Version=0.0.0.0, Culture=neutral, PublicKeyToken=null
  m_nodeType: 4
  m_allowDuplicateNodeName: 0
  m_allowEmptyNodeName: 0
  m_canBeDeleted: 1
  m_debugMode: 0
  m_useFixedUpdate: 0
  m_useLateUpdate: 0
  m_useUpdate: 0
  m_height: 184
  m_width: 216
  m_x: 2016
  m_y: 396
  m_minimumInputSocketsCount: 1
  m_minimumOutputSocketsCount: 1
  m_graphId: ceef30dd-e3ea-420c-bf7a-94be6b8e9ee1
  m_id: 216a15e5-7602-45df-a98a-ae23d2407556
  m_name: Load Game Scene
  ErrorNoSceneName: 0
  ErrorBadBuildIndex: 0
  GetSceneBy: 0
  LoadSceneMode: 0
  AllowSceneActivation: 1
  SceneActivationDelay: 0.2
  SceneBuildIndex: 0
  SceneName: MatchScene
--- !u!114 &6734652674955773362
MonoBehaviour:
  m_ObjectHideFlags: 0
  m_CorrespondingSourceObject: {fileID: 0}
  m_PrefabInstance: {fileID: 0}
  m_PrefabAsset: {fileID: 0}
  m_GameObject: {fileID: 0}
  m_Enabled: 1
  m_EditorHideFlags: 0
  m_Script: {fileID: 11500000, guid: 840a439e06374673a9115ed02deb5a54, type: 3}
  m_Name: UINode
  m_EditorClassIdentifier: 
  ErrorNodeNameIsEmpty: 0
  ErrorDuplicateNameFoundInGraph: 0
  m_inputSockets:
  - m_connectionMode: 1
    m_connections:
    - m_inputConnectionPoint: {x: 202, y: 4}
      m_outputConnectionPoint: {x: 202, y: 4}
      m_id: 67fea7ca-1710-4254-a657-f7f07dbd64a0
      m_inputNodeId: ff8115c3-6825-4619-92cd-52c19b904639
      m_inputSocketId: 2a516548-f4fb-448d-8a42-281ed6313693
      m_outputNodeId: 2bfe8dad-5a27-487f-b26c-9ba5ee99a3ae
      m_outputSocketId: cb591c11-b4d9-4364-984d-44186ff2c2c8
    - m_inputConnectionPoint: {x: 202, y: 4}
      m_outputConnectionPoint: {x: 202, y: 4}
      m_id: 0397ca69-4256-42a0-96af-9222aeb6cc01
      m_inputNodeId: ff8115c3-6825-4619-92cd-52c19b904639
      m_inputSocketId: 2a516548-f4fb-448d-8a42-281ed6313693
      m_outputNodeId: 2bfe8dad-5a27-487f-b26c-9ba5ee99a3ae
      m_outputSocketId: cb591c11-b4d9-4364-984d-44186ff2c2c8
    - m_inputConnectionPoint: {x: 202, y: 4}
      m_outputConnectionPoint: {x: 202, y: 4}
      m_id: 6799d87d-b410-4635-8905-95a09c911dac
      m_inputNodeId: ff8115c3-6825-4619-92cd-52c19b904639
      m_inputSocketId: 2a516548-f4fb-448d-8a42-281ed6313693
      m_outputNodeId: 8556aacd-69d1-49fa-b73d-c545fddd61f4
      m_outputSocketId: 27fb8824-7485-4455-ad6b-2c891aea2516
    - m_inputConnectionPoint: {x: -2, y: 4}
      m_outputConnectionPoint: {x: 202, y: 4}
      m_id: f85785ae-ec30-41aa-959e-60ddf492da58
      m_inputNodeId: ff8115c3-6825-4619-92cd-52c19b904639
      m_inputSocketId: 2a516548-f4fb-448d-8a42-281ed6313693
      m_outputNodeId: 2e444e71-71a1-4c3d-bc04-c3fe9f83f001
      m_outputSocketId: 284a9549-a090-480f-9a38-69b67535acf7
    - m_inputConnectionPoint: {x: 202, y: 4}
      m_outputConnectionPoint: {x: 202, y: 4}
      m_id: 162a4bca-3549-4341-bc40-6d9ec858a65a
      m_inputNodeId: ff8115c3-6825-4619-92cd-52c19b904639
      m_inputSocketId: 2a516548-f4fb-448d-8a42-281ed6313693
      m_outputNodeId: 8556aacd-69d1-49fa-b73d-c545fddd61f4
      m_outputSocketId: e646a555-d390-401c-a26c-9af3c97f57a9
    m_connectionPoints:
    - {x: -2, y: 4}
    - {x: 202, y: 4}
    m_direction: 0
    m_canBeDeleted: 0
    m_canBeReordered: 0
    m_curveModifier: 0
    m_height: 24
    m_width: 216
    m_x: 0
    m_y: 38
    m_id: 2a516548-f4fb-448d-8a42-281ed6313693
    m_nodeId: ff8115c3-6825-4619-92cd-52c19b904639
    m_socketName: InputSocket_0
    m_value: '{"ButtonCategory":"General","ButtonName":"Unnamed","GameEvent":"","TimeDelay":3.0,"Trigger":0}'
    m_valueTypeQualifiedName: Doozy.Engine.UI.Connections.UIConnection, Assembly-CSharp,
      Version=0.0.0.0, Culture=neutral, PublicKeyToken=null
  m_outputSockets:
  - m_connectionMode: 0
    m_connections:
    - m_inputConnectionPoint: {x: 202, y: 4}
      m_outputConnectionPoint: {x: -2, y: 4}
      m_id: c8c84b14-e465-4f01-90f5-cd7812c4ef27
      m_inputNodeId: 2e444e71-71a1-4c3d-bc04-c3fe9f83f001
      m_inputSocketId: 95002295-8075-45f8-9613-de273ad3adbd
      m_outputNodeId: ff8115c3-6825-4619-92cd-52c19b904639
      m_outputSocketId: 75bea1a4-ad41-49cb-bf58-d99223f8646e
    m_connectionPoints:
    - {x: -2, y: 4}
    - {x: 202, y: 4}
    m_direction: 1
    m_canBeDeleted: 1
    m_canBeReordered: 1
    m_curveModifier: 0
    m_height: 24
    m_width: 216
    m_x: 0
    m_y: 62
    m_id: 75bea1a4-ad41-49cb-bf58-d99223f8646e
    m_nodeId: ff8115c3-6825-4619-92cd-52c19b904639
    m_socketName: OutputSocket_0
    m_value: '{"ButtonCategory":"Matches","ButtonName":"RandomMatchButton","GameEvent":"","TimeDelay":3.0,"Trigger":0}'
    m_valueTypeQualifiedName: Doozy.Engine.UI.Connections.UIConnection, Assembly-CSharp,
      Version=0.0.0.0, Culture=neutral, PublicKeyToken=null
  - m_connectionMode: 0
    m_connections:
    - m_inputConnectionPoint: {x: 202, y: 4}
      m_outputConnectionPoint: {x: -2, y: 4}
      m_id: 941468f7-a2f9-4c75-8508-4ae269a0e8eb
      m_inputNodeId: 1227a597-9b49-4de1-b910-874427e8c7f6
      m_inputSocketId: 16896e9b-946d-4777-9e6b-cc6e1b6b8348
      m_outputNodeId: ff8115c3-6825-4619-92cd-52c19b904639
      m_outputSocketId: d57fdafc-f17c-4e3f-adeb-5edc3a880eb8
    m_connectionPoints:
    - {x: -2, y: 4}
    - {x: 202, y: 4}
    m_direction: 1
    m_canBeDeleted: 1
    m_canBeReordered: 1
    m_curveModifier: 0
    m_height: 24
    m_width: 216
    m_x: 0
    m_y: 86
    m_id: d57fdafc-f17c-4e3f-adeb-5edc3a880eb8
    m_nodeId: ff8115c3-6825-4619-92cd-52c19b904639
    m_socketName: OutputSocket_1
    m_value: '{"ButtonCategory":"Matches","ButtonName":"PlayButton","GameEvent":"","TimeDelay":3.0,"Trigger":0}'
    m_valueTypeQualifiedName: Doozy.Engine.UI.Connections.UIConnection, Assembly-CSharp,
      Version=0.0.0.0, Culture=neutral, PublicKeyToken=null
  - m_connectionMode: 0
    m_connections:
    - m_inputConnectionPoint: {x: 202, y: 4}
      m_outputConnectionPoint: {x: -2, y: 4}
      m_id: 59341e48-fa9f-4e0a-a9a8-a99db83a914f
      m_inputNodeId: 2e444e71-71a1-4c3d-bc04-c3fe9f83f001
      m_inputSocketId: 95002295-8075-45f8-9613-de273ad3adbd
      m_outputNodeId: ff8115c3-6825-4619-92cd-52c19b904639
      m_outputSocketId: a236410c-ef42-4ca3-9a7e-1a0845d01456
    m_connectionPoints:
    - {x: -2, y: 4}
    - {x: 202, y: 4}
    m_direction: 1
    m_canBeDeleted: 1
    m_canBeReordered: 1
    m_curveModifier: 0
    m_height: 24
    m_width: 216
    m_x: 0
    m_y: 110
    m_id: a236410c-ef42-4ca3-9a7e-1a0845d01456
    m_nodeId: ff8115c3-6825-4619-92cd-52c19b904639
    m_socketName: OutputSocket_2
    m_value: '{"ButtonCategory":"Matches","ButtonName":"PendingMatchesButton","GameEvent":"","TimeDelay":3.0,"Trigger":0}'
    m_valueTypeQualifiedName: Doozy.Engine.UI.Connections.UIConnection, Assembly-CSharp,
      Version=0.0.0.0, Culture=neutral, PublicKeyToken=null
  - m_connectionMode: 0
    m_connections:
    - m_inputConnectionPoint: {x: 202, y: 4}
      m_outputConnectionPoint: {x: 202, y: 4}
      m_id: 8f0f8c9e-a242-4b3d-a6cf-064c397c8e92
      m_inputNodeId: 8556aacd-69d1-49fa-b73d-c545fddd61f4
      m_inputSocketId: 4345022d-d577-4966-8d18-17737830c89a
      m_outputNodeId: ff8115c3-6825-4619-92cd-52c19b904639
      m_outputSocketId: 69f65f06-2b12-4f87-a8d9-532e9edf8410
    m_connectionPoints:
    - {x: -2, y: 4}
    - {x: 202, y: 4}
    m_direction: 1
    m_canBeDeleted: 1
    m_canBeReordered: 1
    m_curveModifier: 0
    m_height: 24
    m_width: 216
    m_x: 0
    m_y: 134
    m_id: 69f65f06-2b12-4f87-a8d9-532e9edf8410
    m_nodeId: ff8115c3-6825-4619-92cd-52c19b904639
    m_socketName: OutputSocket_3
    m_value: '{"ButtonCategory":"Matches","ButtonName":"FriendsMatchButton","GameEvent":"","TimeDelay":3.0,"Trigger":0}'
    m_valueTypeQualifiedName: Doozy.Engine.UI.Connections.UIConnection, Assembly-CSharp,
      Version=0.0.0.0, Culture=neutral, PublicKeyToken=null
  - m_connectionMode: 0
    m_connections:
    - m_inputConnectionPoint: {x: 202, y: 4}
      m_outputConnectionPoint: {x: 202, y: 4}
      m_id: 2f2a300a-1cdd-4672-a2f4-3a20570117f9
      m_inputNodeId: 2bfe8dad-5a27-487f-b26c-9ba5ee99a3ae
      m_inputSocketId: 9913eff5-daf0-49f9-9ee6-0ba25523d22b
      m_outputNodeId: ff8115c3-6825-4619-92cd-52c19b904639
      m_outputSocketId: aebdb650-9ce9-40b3-a9f7-0d2afe08c75d
    m_connectionPoints:
    - {x: -2, y: 4}
    - {x: 202, y: 4}
    m_direction: 1
    m_canBeDeleted: 1
    m_canBeReordered: 1
    m_curveModifier: 0
    m_height: 24
    m_width: 216
    m_x: 0
    m_y: 158
    m_id: aebdb650-9ce9-40b3-a9f7-0d2afe08c75d
    m_nodeId: ff8115c3-6825-4619-92cd-52c19b904639
    m_socketName: OutputSocket_4
    m_value: '{"ButtonCategory":"Matches","ButtonName":"SearchOpponentButton","GameEvent":"","TimeDelay":3.0,"Trigger":0}'
    m_valueTypeQualifiedName: Doozy.Engine.UI.Connections.UIConnection, Assembly-CSharp,
      Version=0.0.0.0, Culture=neutral, PublicKeyToken=null
  - m_connectionMode: 0
    m_connections:
    - m_inputConnectionPoint: {x: 202, y: 4}
      m_outputConnectionPoint: {x: -2, y: 4}
      m_id: affc5a62-18be-4a70-81bf-74ad5f6ebb87
      m_inputNodeId: b779601c-58d9-4f54-b3c6-ec3e666d6d93
      m_inputSocketId: f4d1259a-ada3-4eb0-9f3e-358f468dac59
      m_outputNodeId: ff8115c3-6825-4619-92cd-52c19b904639
      m_outputSocketId: b42654a4-58a7-45bc-af0c-0bba1cdca3e8
    m_connectionPoints:
    - {x: -2, y: 4}
    - {x: 202, y: 4}
    m_direction: 1
    m_canBeDeleted: 1
    m_canBeReordered: 1
    m_curveModifier: 0
    m_height: 24
    m_width: 216
    m_x: 0
    m_y: 182
    m_id: b42654a4-58a7-45bc-af0c-0bba1cdca3e8
    m_nodeId: ff8115c3-6825-4619-92cd-52c19b904639
    m_socketName: OutputSocket_5
    m_value: '{"ButtonCategory":"MainMenu","ButtonName":"User","GameEvent":"","TimeDelay":3.0,"Trigger":0}'
    m_valueTypeQualifiedName: Doozy.Engine.UI.Connections.UIConnection, Assembly-CSharp,
      Version=0.0.0.0, Culture=neutral, PublicKeyToken=null
  - m_connectionMode: 0
    m_connections:
    - m_inputConnectionPoint: {x: 202, y: 4}
      m_outputConnectionPoint: {x: -2, y: 4}
      m_id: d24b3f13-c8d3-4409-b247-59d53c75a21a
      m_inputNodeId: 91b9b804-5fe3-4a9c-9b29-b45595430edd
      m_inputSocketId: fdb9c3ca-48ef-4955-b978-6279ae409dad
      m_outputNodeId: ff8115c3-6825-4619-92cd-52c19b904639
      m_outputSocketId: 0b907af8-28f3-4850-83d5-6866ac7a3fe2
    m_connectionPoints:
    - {x: -2, y: 4}
    - {x: 202, y: 4}
    m_direction: 1
    m_canBeDeleted: 1
    m_canBeReordered: 1
    m_curveModifier: 0
    m_height: 24
    m_width: 216
    m_x: 0
    m_y: 206
    m_id: 0b907af8-28f3-4850-83d5-6866ac7a3fe2
    m_nodeId: ff8115c3-6825-4619-92cd-52c19b904639
    m_socketName: OutputSocket_6
    m_value: '{"ButtonCategory":"MainMenu","ButtonName":"Ranking","GameEvent":"","TimeDelay":3.0,"Trigger":0}'
    m_valueTypeQualifiedName: Doozy.Engine.UI.Connections.UIConnection, Assembly-CSharp,
      Version=0.0.0.0, Culture=neutral, PublicKeyToken=null
  m_nodeType: 4
  m_allowDuplicateNodeName: 0
  m_allowEmptyNodeName: 0
  m_canBeDeleted: 1
  m_debugMode: 0
  m_useFixedUpdate: 0
  m_useLateUpdate: 0
  m_useUpdate: 0
  m_height: 272
  m_width: 216
  m_x: 2136
  m_y: -648
  m_minimumInputSocketsCount: 1
  m_minimumOutputSocketsCount: 1
  m_graphId: ceef30dd-e3ea-420c-bf7a-94be6b8e9ee1
  m_id: ff8115c3-6825-4619-92cd-52c19b904639
  m_name: RandomMatch
  m_onEnterShowViews:
  - Category: Matches
    InstantAction: 0
    Name: Match
  m_onEnterHideViews: []
  m_onExitShowViews: []
  m_onExitHideViews:
  - Category: Matches
    InstantAction: 0
    Name: Match
